%YAML 1.1
%TAG !u! tag:unity3d.com,2011:
--- !u!114 &1169586594
MonoBehaviour:
  m_ObjectHideFlags: 0
  m_CorrespondingSourceObject: {fileID: 0}
  m_PrefabInstance: {fileID: 0}
  m_PrefabAsset: {fileID: 0}
  m_GameObject: {fileID: 5320243791463328623}
  m_Enabled: 1
  m_EditorHideFlags: 0
  m_Script: {fileID: 11500000, guid: 6bf8e915527fa424a8b17dc168fe20eb, type: 3}
  m_Name: 
  m_EditorClassIdentifier: 
  Channel: 0
--- !u!114 &1169586596
MonoBehaviour:
  m_ObjectHideFlags: 0
  m_CorrespondingSourceObject: {fileID: 0}
  m_PrefabInstance: {fileID: 0}
  m_PrefabAsset: {fileID: 0}
  m_GameObject: {fileID: 5320243791463328623}
  m_Enabled: 1
  m_EditorHideFlags: 0
  m_Script: {fileID: 11500000, guid: 347013242dca7c44fb5001793033ea59, type: 3}
  m_Name: 
  m_EditorClassIdentifier: 
  UpdateMode: 0
  PositionActive: 1
  RotationActive: 0
  ScaleActive: 0
  PositionWiggleProperties:
    WigglePermitted: 0
    WiggleType: 3
    UseUnscaledTime: 0
    StartWigglingAutomatically: 1
    SmoothPingPong: 1
    UseSpeedCurve: 0
    SpeedCurve:
      serializedVersion: 2
      m_Curve:
      - serializedVersion: 3
        time: 0
        value: 0
        inSlope: 0
        outSlope: 1
        tangentMode: 0
        weightedMode: 0
        inWeight: 0
        outWeight: 0
      - serializedVersion: 3
        time: 1
        value: 1
        inSlope: 1
        outSlope: 0
        tangentMode: 0
        weightedMode: 0
        inWeight: 0
        outWeight: 0
      m_PreInfinity: 2
      m_PostInfinity: 2
      m_RotationOrder: 4
    FrequencyMin: 0
    FrequencyMax: 1
    AmplitudeMin: {x: 0, y: 0, z: 0}
    AmplitudeMax: {x: 1, y: 1, z: 1}
    RelativeAmplitude: 1
    PauseMin: 0
    PauseMax: 0
    LimitedTime: 0
    LimitedTimeTotal: 2
    LimitedTimeFalloff:
      serializedVersion: 2
      m_Curve:
      - serializedVersion: 3
        time: 0
        value: 1
        inSlope: 0
        outSlope: 0
        tangentMode: 0
        weightedMode: 0
        inWeight: 0
        outWeight: 0
      - serializedVersion: 3
        time: 1
        value: 1
        inSlope: 0
        outSlope: 0
        tangentMode: 0
        weightedMode: 0
        inWeight: 0
        outWeight: 0
      m_PreInfinity: 2
      m_PostInfinity: 2
      m_RotationOrder: 4
    LimitedTimeResetValue: 1
    LimitedTimeLeft: 2
    NoiseFrequencyMin: {x: 0, y: 0, z: 0}
    NoiseFrequencyMax: {x: 1, y: 1, z: 1}
    NoiseShiftMin: {x: 0, y: 0, z: 0}
    NoiseShiftMax: {x: 0, y: 0, z: 0}
  RotationWiggleProperties:
    WigglePermitted: 1
    WiggleType: 3
    UseUnscaledTime: 0
    StartWigglingAutomatically: 1
    SmoothPingPong: 1
    UseSpeedCurve: 0
    SpeedCurve:
      serializedVersion: 2
      m_Curve:
      - serializedVersion: 3
        time: 0
        value: 0
        inSlope: 0
        outSlope: 1
        tangentMode: 0
        weightedMode: 0
        inWeight: 0
        outWeight: 0
      - serializedVersion: 3
        time: 1
        value: 1
        inSlope: 1
        outSlope: 0
        tangentMode: 0
        weightedMode: 0
        inWeight: 0
        outWeight: 0
      m_PreInfinity: 2
      m_PostInfinity: 2
      m_RotationOrder: 4
    FrequencyMin: 0
    FrequencyMax: 1
    AmplitudeMin: {x: 0, y: 0, z: 0}
    AmplitudeMax: {x: 1, y: 1, z: 1}
    RelativeAmplitude: 1
    PauseMin: 0
    PauseMax: 0
    LimitedTime: 1
    LimitedTimeTotal: 2
    LimitedTimeFalloff:
      serializedVersion: 2
      m_Curve:
      - serializedVersion: 3
        time: 0
        value: 1
        inSlope: 0
        outSlope: 0
        tangentMode: 0
        weightedMode: 0
        inWeight: 0
        outWeight: 0
      - serializedVersion: 3
        time: 1
        value: 1
        inSlope: 0
        outSlope: 0
        tangentMode: 0
        weightedMode: 0
        inWeight: 0
        outWeight: 0
      m_PreInfinity: 2
      m_PostInfinity: 2
      m_RotationOrder: 4
    LimitedTimeResetValue: 1
    LimitedTimeLeft: 2
    NoiseFrequencyMin: {x: 0, y: 0, z: 0}
    NoiseFrequencyMax: {x: 1, y: 1, z: 1}
    NoiseShiftMin: {x: 0, y: 0, z: 0}
    NoiseShiftMax: {x: 0, y: 0, z: 0}
  ScaleWiggleProperties:
    WigglePermitted: 1
    WiggleType: 1
    UseUnscaledTime: 0
    StartWigglingAutomatically: 1
    SmoothPingPong: 1
    UseSpeedCurve: 0
    SpeedCurve:
      serializedVersion: 2
      m_Curve:
      - serializedVersion: 3
        time: 0
        value: 0
        inSlope: 0
        outSlope: 1
        tangentMode: 0
        weightedMode: 0
        inWeight: 0
        outWeight: 0
      - serializedVersion: 3
        time: 1
        value: 1
        inSlope: 1
        outSlope: 0
        tangentMode: 0
        weightedMode: 0
        inWeight: 0
        outWeight: 0
      m_PreInfinity: 2
      m_PostInfinity: 2
      m_RotationOrder: 4
    FrequencyMin: 0
    FrequencyMax: 1
    AmplitudeMin: {x: 0, y: 0, z: 0}
    AmplitudeMax: {x: 1, y: 1, z: 1}
    RelativeAmplitude: 1
    PauseMin: 0
    PauseMax: 0
    LimitedTime: 1
    LimitedTimeTotal: 2
    LimitedTimeFalloff:
      serializedVersion: 2
      m_Curve:
      - serializedVersion: 3
        time: 0
        value: 1
        inSlope: 0
        outSlope: 0
        tangentMode: 0
        weightedMode: 0
        inWeight: 0
        outWeight: 0
      - serializedVersion: 3
        time: 1
        value: 1
        inSlope: 0
        outSlope: 0
        tangentMode: 0
        weightedMode: 0
        inWeight: 0
        outWeight: 0
      m_PreInfinity: 2
      m_PostInfinity: 2
      m_RotationOrder: 4
    LimitedTimeResetValue: 1
    LimitedTimeLeft: 2
    NoiseFrequencyMin: {x: 0, y: 0, z: 0}
    NoiseFrequencyMax: {x: 1, y: 1, z: 1}
    NoiseShiftMin: {x: 0, y: 0, z: 0}
    NoiseShiftMax: {x: 0, y: 0, z: 0}
  DebugWiggleDuration: 2
--- !u!1 &7280573255085948790
GameObject:
  m_ObjectHideFlags: 0
  m_CorrespondingSourceObject: {fileID: 0}
  m_PrefabInstance: {fileID: 0}
  m_PrefabAsset: {fileID: 0}
  serializedVersion: 6
  m_Component:
  - component: {fileID: 2727405688512252628}
  - component: {fileID: 538016009}
  m_Layer: 0
  m_Name: Camera Holder
  m_TagString: Untagged
  m_Icon: {fileID: 0}
  m_NavMeshLayer: 0
  m_StaticEditorFlags: 0
  m_IsActive: 1
--- !u!4 &2727405688512252628
Transform:
  m_ObjectHideFlags: 0
  m_CorrespondingSourceObject: {fileID: 0}
  m_PrefabInstance: {fileID: 0}
  m_PrefabAsset: {fileID: 0}
  m_GameObject: {fileID: 7280573255085948790}
  m_LocalRotation: {x: 0.2588191, y: 0, z: 0, w: 0.9659258}
  m_LocalPosition: {x: 1.7, y: 7.37, z: -9.43}
  m_LocalScale: {x: 1, y: 1, z: 1}
  m_Children:
  - {fileID: 5320243791463328618}
  m_Father: {fileID: 0}
  m_RootOrder: 0
  m_LocalEulerAnglesHint: {x: 30, y: 0, z: 0}
--- !u!114 &538016009
MonoBehaviour:
  m_ObjectHideFlags: 0
  m_CorrespondingSourceObject: {fileID: 0}
  m_PrefabInstance: {fileID: 0}
  m_PrefabAsset: {fileID: 0}
  m_GameObject: {fileID: 7280573255085948790}
  m_Enabled: 1
  m_EditorHideFlags: 0
  m_Script: {fileID: 11500000, guid: 0905846b91eaa4840a522836535a74b0, type: 3}
  m_Name: 
  m_EditorClassIdentifier: 
  Follow_Local: 0
  LoockAtTarget: 0
  lookAtTargetConstant: 0
  Target: {fileID: 0}
  X: 1
  Y: 0
  Z: 1
  OneWay_X: 0
  OneWay_Y: 0
  OneWay_Z: 0
  FollowRotation: 0
  Follow: 1
  SmoothMove: 1
  SmoothFollowMaxSpeed: 20
  LimitX: 0
  LimitXFactor: 0.6
--- !u!1001 &8809978248663760175
PrefabInstance:
  m_ObjectHideFlags: 0
  serializedVersion: 2
  m_Modification:
    m_TransformParent: {fileID: 2727405688512252628}
    m_Modifications:
    - target: {fileID: 1169586598, guid: ca2281417488a5b4ca906c1bfff6dcc2, type: 3}
      propertyPath: Target
      value: 
      objectReference: {fileID: 0}
    - target: {fileID: 3040802457727097519, guid: ca2281417488a5b4ca906c1bfff6dcc2,
        type: 3}
      propertyPath: spline
      value: 
      objectReference: {fileID: 0}
    - target: {fileID: 3040802457727097519, guid: ca2281417488a5b4ca906c1bfff6dcc2,
        type: 3}
      propertyPath: playerControlleur
      value: 
      objectReference: {fileID: 0}
    - target: {fileID: 3040802457727097519, guid: ca2281417488a5b4ca906c1bfff6dcc2,
        type: 3}
      propertyPath: followRotation
      value: 1
      objectReference: {fileID: 0}
    - target: {fileID: 3040802457727097519, guid: ca2281417488a5b4ca906c1bfff6dcc2,
        type: 3}
      propertyPath: followGameObject
      value: 
      objectReference: {fileID: 538016009}
    - target: {fileID: 3717186032012318272, guid: ca2281417488a5b4ca906c1bfff6dcc2,
        type: 3}
      propertyPath: m_Name
      value: Main Camera
      objectReference: {fileID: 0}
    - target: {fileID: 3717186032012318277, guid: ca2281417488a5b4ca906c1bfff6dcc2,
        type: 3}
      propertyPath: m_LocalPosition.x
      value: -0.26
      objectReference: {fileID: 0}
    - target: {fileID: 3717186032012318277, guid: ca2281417488a5b4ca906c1bfff6dcc2,
        type: 3}
      propertyPath: m_LocalPosition.y
      value: -0.89
      objectReference: {fileID: 0}
    - target: {fileID: 3717186032012318277, guid: ca2281417488a5b4ca906c1bfff6dcc2,
        type: 3}
      propertyPath: m_LocalPosition.z
      value: 3.17
      objectReference: {fileID: 0}
    - target: {fileID: 3717186032012318277, guid: ca2281417488a5b4ca906c1bfff6dcc2,
        type: 3}
      propertyPath: m_LocalRotation.x
      value: 0.00042355055
      objectReference: {fileID: 0}
    - target: {fileID: 3717186032012318277, guid: ca2281417488a5b4ca906c1bfff6dcc2,
        type: 3}
      propertyPath: m_LocalRotation.y
      value: -0
      objectReference: {fileID: 0}
    - target: {fileID: 3717186032012318277, guid: ca2281417488a5b4ca906c1bfff6dcc2,
        type: 3}
      propertyPath: m_LocalRotation.z
      value: -0
      objectReference: {fileID: 0}
    - target: {fileID: 3717186032012318277, guid: ca2281417488a5b4ca906c1bfff6dcc2,
        type: 3}
      propertyPath: m_LocalRotation.w
      value: 0.9999999
      objectReference: {fileID: 0}
    - target: {fileID: 3717186032012318277, guid: ca2281417488a5b4ca906c1bfff6dcc2,
        type: 3}
      propertyPath: m_RootOrder
      value: 0
      objectReference: {fileID: 0}
    - target: {fileID: 3717186032012318277, guid: ca2281417488a5b4ca906c1bfff6dcc2,
        type: 3}
      propertyPath: m_LocalEulerAnglesHint.x
      value: 0.049
      objectReference: {fileID: 0}
    - target: {fileID: 3717186032012318277, guid: ca2281417488a5b4ca906c1bfff6dcc2,
        type: 3}
      propertyPath: m_LocalEulerAnglesHint.y
      value: 0
      objectReference: {fileID: 0}
    - target: {fileID: 3717186032012318277, guid: ca2281417488a5b4ca906c1bfff6dcc2,
        type: 3}
      propertyPath: m_LocalEulerAnglesHint.z
      value: 0
      objectReference: {fileID: 0}
    m_RemovedComponents:
    - {fileID: 1169586598, guid: ca2281417488a5b4ca906c1bfff6dcc2, type: 3}
    - {fileID: 7049687506693700383, guid: ca2281417488a5b4ca906c1bfff6dcc2, type: 3}
  m_SourcePrefab: {fileID: 100100000, guid: ca2281417488a5b4ca906c1bfff6dcc2, type: 3}
--- !u!1 &5320243791463328623 stripped
GameObject:
  m_CorrespondingSourceObject: {fileID: 3717186032012318272, guid: ca2281417488a5b4ca906c1bfff6dcc2,
    type: 3}
  m_PrefabInstance: {fileID: 8809978248663760175}
  m_PrefabAsset: {fileID: 0}
--- !u!4 &5320243791463328618 stripped
Transform:
  m_CorrespondingSourceObject: {fileID: 3717186032012318277, guid: ca2281417488a5b4ca906c1bfff6dcc2,
    type: 3}
  m_PrefabInstance: {fileID: 8809978248663760175}
  m_PrefabAsset: {fileID: 0}
