%YAML 1.1
%TAG !u! tag:unity3d.com,2011:
--- !u!1 &204892451664647245
GameObject:
  m_ObjectHideFlags: 0
  m_CorrespondingSourceObject: {fileID: 0}
  m_PrefabInstance: {fileID: 0}
  m_PrefabAsset: {fileID: 0}
  serializedVersion: 6
  m_Component:
  - component: {fileID: 4370787502397608485}
  m_Layer: 0
  m_Name: mixamorig:RightHandThumb1
  m_TagString: Untagged
  m_Icon: {fileID: 0}
  m_NavMeshLayer: 0
  m_StaticEditorFlags: 0
  m_IsActive: 1
--- !u!4 &4370787502397608485
Transform:
  m_ObjectHideFlags: 0
  m_CorrespondingSourceObject: {fileID: 0}
  m_PrefabInstance: {fileID: 0}
  m_PrefabAsset: {fileID: 0}
  m_GameObject: {fileID: 204892451664647245}
  m_LocalRotation: {x: 0.3273183, y: 0.005209915, z: 0.008808077, w: 0.94485873}
  m_LocalPosition: {x: -0.010499717, y: 0.033259958, z: -0.000000015123852}
  m_LocalScale: {x: 1, y: 1, z: 1}
  m_Children:
  - {fileID: 4213134945418952262}
  m_Father: {fileID: 5775749892346853651}
  m_RootOrder: 1
  m_LocalEulerAnglesHint: {x: 0, y: 0, z: 0}
--- !u!1 &524420500581562374
GameObject:
  m_ObjectHideFlags: 0
  m_CorrespondingSourceObject: {fileID: 0}
  m_PrefabInstance: {fileID: 0}
  m_PrefabAsset: {fileID: 0}
  serializedVersion: 6
  m_Component:
  - component: {fileID: 5514327096737011380}
  m_Layer: 0
  m_Name: mixamorig:Spine2
  m_TagString: Untagged
  m_Icon: {fileID: 0}
  m_NavMeshLayer: 0
  m_StaticEditorFlags: 0
  m_IsActive: 1
--- !u!4 &5514327096737011380
Transform:
  m_ObjectHideFlags: 0
  m_CorrespondingSourceObject: {fileID: 0}
  m_PrefabInstance: {fileID: 0}
  m_PrefabAsset: {fileID: 0}
  m_GameObject: {fileID: 524420500581562374}
  m_LocalRotation: {x: 0, y: -0, z: -2.6131017e-30, w: 1}
  m_LocalPosition: {x: -0, y: 0.09129967, z: 6.0758977e-13}
  m_LocalScale: {x: 1, y: 1, z: 1}
  m_Children:
  - {fileID: 7495239309273318959}
  - {fileID: 1440673114986289865}
  - {fileID: 3147618088764931910}
  m_Father: {fileID: 6430462084560627423}
  m_RootOrder: 0
  m_LocalEulerAnglesHint: {x: 0, y: 0, z: 0}
--- !u!1 &568620646551299221
GameObject:
  m_ObjectHideFlags: 0
  m_CorrespondingSourceObject: {fileID: 0}
  m_PrefabInstance: {fileID: 0}
  m_PrefabAsset: {fileID: 0}
  serializedVersion: 6
  m_Component:
  - component: {fileID: 7513624261213066152}
  - component: {fileID: 6450745787541566392}
  m_Layer: 0
  m_Name: Virtual Man
  m_TagString: Untagged
  m_Icon: {fileID: 0}
  m_NavMeshLayer: 0
  m_StaticEditorFlags: 0
  m_IsActive: 1
--- !u!4 &7513624261213066152
Transform:
  m_ObjectHideFlags: 0
  m_CorrespondingSourceObject: {fileID: 0}
  m_PrefabInstance: {fileID: 0}
  m_PrefabAsset: {fileID: 0}
  m_GameObject: {fileID: 568620646551299221}
  m_LocalRotation: {x: -0.7071068, y: 0, z: -0, w: 0.7071068}
  m_LocalPosition: {x: 0.000014679336, y: 0.64336497, z: 0.0000038757325}
  m_LocalScale: {x: 1, y: 1, z: 1}
  m_Children: []
  m_Father: {fileID: 5627388859290689840}
  m_RootOrder: 1
  m_LocalEulerAnglesHint: {x: 0, y: 0, z: 0}
--- !u!137 &6450745787541566392
SkinnedMeshRenderer:
  m_ObjectHideFlags: 0
  m_CorrespondingSourceObject: {fileID: 0}
  m_PrefabInstance: {fileID: 0}
  m_PrefabAsset: {fileID: 0}
  m_GameObject: {fileID: 568620646551299221}
  m_Enabled: 1
  m_CastShadows: 1
  m_ReceiveShadows: 1
  m_DynamicOccludee: 1
  m_MotionVectors: 1
  m_LightProbeUsage: 1
  m_ReflectionProbeUsage: 1
  m_RayTracingMode: 3
  m_RayTraceProcedural: 0
  m_RenderingLayerMask: 1
  m_RendererPriority: 0
  m_Materials:
  - {fileID: 2100000, guid: 038c547411fca5148bbeec6d2ee77e1b, type: 2}
  m_StaticBatchInfo:
    firstSubMesh: 0
    subMeshCount: 0
  m_StaticBatchRoot: {fileID: 0}
  m_ProbeAnchor: {fileID: 0}
  m_LightProbeVolumeOverride: {fileID: 0}
  m_ScaleInLightmap: 1
  m_ReceiveGI: 1
  m_PreserveUVs: 0
  m_IgnoreNormalsForChartDetection: 0
  m_ImportantGI: 0
  m_StitchLightmapSeams: 1
  m_SelectedEditorRenderState: 3
  m_MinimumChartSize: 4
  m_AutoUVMaxDistance: 0.5
  m_AutoUVMaxAngle: 89
  m_LightmapParameters: {fileID: 0}
  m_SortingLayerID: 0
  m_SortingLayer: 0
  m_SortingOrder: 0
  serializedVersion: 2
  m_Quality: 0
  m_UpdateWhenOffscreen: 0
  m_SkinnedMotionVectors: 1
  m_Mesh: {fileID: 2843820074183182812, guid: 7b78eff1f49292546a8c82e0b6d1827f, type: 3}
  m_Bones:
  - {fileID: 1762053888984626099}
  - {fileID: 1440673114986289865}
  - {fileID: 5514327096737011380}
  - {fileID: 164612930381103524}
  - {fileID: 441400324092539447}
  - {fileID: 7644387366420510936}
  - {fileID: 4093001616568809115}
  - {fileID: 7495239309273318959}
  - {fileID: 1859865556066964963}
  - {fileID: 6430462084560627423}
  - {fileID: 3406262069054175266}
  - {fileID: 1418174222229623576}
  - {fileID: 6621965030644649271}
  - {fileID: 2591748802417928851}
  - {fileID: 7585755976005920513}
  - {fileID: 5171028447357885293}
  - {fileID: 3426435987886053600}
  - {fileID: 1124784194559625869}
  - {fileID: 3075003766848544774}
  - {fileID: 7569047504463861994}
  - {fileID: 1161546211252205173}
  - {fileID: 3147618088764931910}
  - {fileID: 1934159601457928670}
  - {fileID: 7638500578474996595}
  - {fileID: 5775749892346853651}
  - {fileID: 4086841329172054141}
  - {fileID: 8826385134776680144}
  - {fileID: 1094170239607000473}
  - {fileID: 4213134945418952262}
  - {fileID: 5934634348244629441}
  - {fileID: 4370787502397608485}
  - {fileID: 401069873529636865}
  - {fileID: 4747647554829476007}
  - {fileID: 7055879030335950963}
  m_BlendShapeWeights: []
  m_RootBone: {fileID: 164612930381103524}
  m_AABB:
    m_Center: {x: -0.00048553944, y: 0.08620939, z: -0.0010836422}
    m_Extent: {x: 0.5966697, y: 0.6711979, z: 0.19696166}
  m_DirtyAABB: 0
--- !u!1 &742279365832616851
GameObject:
  m_ObjectHideFlags: 0
  m_CorrespondingSourceObject: {fileID: 0}
  m_PrefabInstance: {fileID: 0}
  m_PrefabAsset: {fileID: 0}
  serializedVersion: 6
  m_Component:
  - component: {fileID: 401069873529636865}
  m_Layer: 0
  m_Name: mixamorig:RightLeg
  m_TagString: Untagged
  m_Icon: {fileID: 0}
  m_NavMeshLayer: 0
  m_StaticEditorFlags: 0
  m_IsActive: 1
--- !u!4 &401069873529636865
Transform:
  m_ObjectHideFlags: 0
  m_CorrespondingSourceObject: {fileID: 0}
  m_PrefabInstance: {fileID: 0}
  m_PrefabAsset: {fileID: 0}
  m_GameObject: {fileID: 742279365832616851}
  m_LocalRotation: {x: -0.104951404, y: 0.003339798, z: -0.02633487, w: 0.99412304}
  m_LocalPosition: {x: 3.0298505e-10, y: 0.2508837, z: 1.11302814e-10}
  m_LocalScale: {x: 1, y: 1, z: 1}
  m_Children:
  - {fileID: 4747647554829476007}
  m_Father: {fileID: 4093001616568809115}
  m_RootOrder: 0
  m_LocalEulerAnglesHint: {x: 0, y: 0, z: 0}
--- !u!1 &951217145647996295
GameObject:
  m_ObjectHideFlags: 0
  m_CorrespondingSourceObject: {fileID: 0}
  m_PrefabInstance: {fileID: 0}
  m_PrefabAsset: {fileID: 0}
  serializedVersion: 6
  m_Component:
  - component: {fileID: 6992893348092376768}
  m_Layer: 0
  m_Name: mixamorig:LeftHandThumb4
  m_TagString: Untagged
  m_Icon: {fileID: 0}
  m_NavMeshLayer: 0
  m_StaticEditorFlags: 0
  m_IsActive: 1
--- !u!4 &6992893348092376768
Transform:
  m_ObjectHideFlags: 0
  m_CorrespondingSourceObject: {fileID: 0}
  m_PrefabInstance: {fileID: 0}
  m_PrefabAsset: {fileID: 0}
  m_GameObject: {fileID: 951217145647996295}
  m_LocalRotation: {x: 0, y: -0, z: -0, w: 1}
  m_LocalPosition: {x: 0.0018811233, y: 0.02544917, z: -2.0253439e-10}
  m_LocalScale: {x: 1, y: 1, z: 1}
  m_Children: []
  m_Father: {fileID: 5171028447357885293}
  m_RootOrder: 0
  m_LocalEulerAnglesHint: {x: 0, y: 0, z: 0}
--- !u!1 &2069685398022484560
GameObject:
  m_ObjectHideFlags: 0
  m_CorrespondingSourceObject: {fileID: 0}
  m_PrefabInstance: {fileID: 0}
  m_PrefabAsset: {fileID: 0}
  serializedVersion: 6
  m_Component:
  - component: {fileID: 4093001616568809115}
  m_Layer: 0
  m_Name: mixamorig:RightUpLeg
  m_TagString: Untagged
  m_Icon: {fileID: 0}
  m_NavMeshLayer: 0
  m_StaticEditorFlags: 0
  m_IsActive: 1
--- !u!4 &4093001616568809115
Transform:
  m_ObjectHideFlags: 0
  m_CorrespondingSourceObject: {fileID: 0}
  m_PrefabInstance: {fileID: 0}
  m_PrefabAsset: {fileID: 0}
  m_GameObject: {fileID: 2069685398022484560}
  m_LocalRotation: {x: 0.0016397547, y: 0.03234342, z: 0.9994046, w: -0.011900662}
  m_LocalPosition: {x: 0.055698786, y: -0.038062066, z: -0.008100445}
  m_LocalScale: {x: 1, y: 1, z: 1}
  m_Children:
  - {fileID: 401069873529636865}
  m_Father: {fileID: 164612930381103524}
  m_RootOrder: 1
  m_LocalEulerAnglesHint: {x: 0, y: 0, z: 0}
--- !u!1 &2435940273900441242
GameObject:
  m_ObjectHideFlags: 0
  m_CorrespondingSourceObject: {fileID: 0}
  m_PrefabInstance: {fileID: 0}
  m_PrefabAsset: {fileID: 0}
  serializedVersion: 6
  m_Component:
  - component: {fileID: 8181826246332756899}
  m_Layer: 0
  m_Name: mixamorig:LeftToe_End
  m_TagString: Untagged
  m_Icon: {fileID: 0}
  m_NavMeshLayer: 0
  m_StaticEditorFlags: 0
  m_IsActive: 1
--- !u!4 &8181826246332756899
Transform:
  m_ObjectHideFlags: 0
  m_CorrespondingSourceObject: {fileID: 0}
  m_PrefabInstance: {fileID: 0}
  m_PrefabAsset: {fileID: 0}
  m_GameObject: {fileID: 2435940273900441242}
  m_LocalRotation: {x: 0, y: -0, z: -0, w: 1}
  m_LocalPosition: {x: -4.9888227e-10, y: 0.04305688, z: -2.5471571e-12}
  m_LocalScale: {x: 1, y: 1, z: 1}
  m_Children: []
  m_Father: {fileID: 1161546211252205173}
  m_RootOrder: 0
  m_LocalEulerAnglesHint: {x: 0, y: 0, z: 0}
--- !u!1 &2483891991478305590
GameObject:
  m_ObjectHideFlags: 0
  m_CorrespondingSourceObject: {fileID: 0}
  m_PrefabInstance: {fileID: 0}
  m_PrefabAsset: {fileID: 0}
  serializedVersion: 6
  m_Component:
  - component: {fileID: 1124784194559625869}
  m_Layer: 0
  m_Name: mixamorig:LeftHandThumb1
  m_TagString: Untagged
  m_Icon: {fileID: 0}
  m_NavMeshLayer: 0
  m_StaticEditorFlags: 0
  m_IsActive: 1
--- !u!4 &1124784194559625869
Transform:
  m_ObjectHideFlags: 0
  m_CorrespondingSourceObject: {fileID: 0}
  m_PrefabInstance: {fileID: 0}
  m_PrefabAsset: {fileID: 0}
  m_GameObject: {fileID: 2483891991478305590}
  m_LocalRotation: {x: 0.26917103, y: 0.00725336, z: 0.04584735, w: 0.9619732}
  m_LocalPosition: {x: 0.008673428, y: 0.032887552, z: 0.000000005577604}
  m_LocalScale: {x: 1, y: 1, z: 1}
  m_Children:
  - {fileID: 7585755976005920513}
  m_Father: {fileID: 1418174222229623576}
  m_RootOrder: 1
  m_LocalEulerAnglesHint: {x: 0, y: 0, z: 0}
--- !u!1 &2794354811721034744
GameObject:
  m_ObjectHideFlags: 0
  m_CorrespondingSourceObject: {fileID: 0}
  m_PrefabInstance: {fileID: 0}
  m_PrefabAsset: {fileID: 0}
  serializedVersion: 6
  m_Component:
  - component: {fileID: 2753477495959138513}
  m_Layer: 0
  m_Name: mixamorig:RightToe_End
  m_TagString: Untagged
  m_Icon: {fileID: 0}
  m_NavMeshLayer: 0
  m_StaticEditorFlags: 0
  m_IsActive: 1
--- !u!4 &2753477495959138513
Transform:
  m_ObjectHideFlags: 0
  m_CorrespondingSourceObject: {fileID: 0}
  m_PrefabInstance: {fileID: 0}
  m_PrefabAsset: {fileID: 0}
  m_GameObject: {fileID: 2794354811721034744}
  m_LocalRotation: {x: 0, y: -0, z: -0, w: 1}
  m_LocalPosition: {x: -1.1705748e-11, y: 0.04327824, z: -3.2950632e-12}
  m_LocalScale: {x: 1, y: 1, z: 1}
  m_Children: []
  m_Father: {fileID: 7055879030335950963}
  m_RootOrder: 0
  m_LocalEulerAnglesHint: {x: 0, y: 0, z: 0}
--- !u!1 &3063428467461866095
GameObject:
  m_ObjectHideFlags: 0
  m_CorrespondingSourceObject: {fileID: 0}
  m_PrefabInstance: {fileID: 0}
  m_PrefabAsset: {fileID: 0}
  serializedVersion: 6
  m_Component:
  - component: {fileID: 7569047504463861994}
  m_Layer: 0
  m_Name: mixamorig:LeftFoot
  m_TagString: Untagged
  m_Icon: {fileID: 0}
  m_NavMeshLayer: 0
  m_StaticEditorFlags: 0
  m_IsActive: 1
--- !u!4 &7569047504463861994
Transform:
  m_ObjectHideFlags: 0
  m_CorrespondingSourceObject: {fileID: 0}
  m_PrefabInstance: {fileID: 0}
  m_PrefabAsset: {fileID: 0}
  m_GameObject: {fileID: 3063428467461866095}
  m_LocalRotation: {x: 0.63388747, y: 0.08852198, z: -0.08345417, w: 0.76379704}
  m_LocalPosition: {x: 8.4526566e-11, y: 0.2076777, z: 0.0000000012877268}
  m_LocalScale: {x: 1, y: 1, z: 1}
  m_Children:
  - {fileID: 1161546211252205173}
  m_Father: {fileID: 3075003766848544774}
  m_RootOrder: 0
  m_LocalEulerAnglesHint: {x: 0, y: 0, z: 0}
--- !u!1 &3374709853870163391
GameObject:
  m_ObjectHideFlags: 0
  m_CorrespondingSourceObject: {fileID: 0}
  m_PrefabInstance: {fileID: 0}
  m_PrefabAsset: {fileID: 0}
  serializedVersion: 6
  m_Component:
  - component: {fileID: 1762053888984626099}
  m_Layer: 0
  m_Name: mixamorig:Head
  m_TagString: Untagged
  m_Icon: {fileID: 0}
  m_NavMeshLayer: 0
  m_StaticEditorFlags: 0
  m_IsActive: 1
--- !u!4 &1762053888984626099
Transform:
  m_ObjectHideFlags: 0
  m_CorrespondingSourceObject: {fileID: 0}
  m_PrefabInstance: {fileID: 0}
  m_PrefabAsset: {fileID: 0}
  m_GameObject: {fileID: 3374709853870163391}
  m_LocalRotation: {x: 0, y: 0, z: 1.1648414e-36, w: 1}
  m_LocalPosition: {x: -0, y: 0.06709833, z: -0.0001423287}
  m_LocalScale: {x: 1, y: 1, z: 1}
  m_Children:
  - {fileID: 3543591335923365725}
  m_Father: {fileID: 1440673114986289865}
  m_RootOrder: 0
  m_LocalEulerAnglesHint: {x: 0, y: 0, z: 0}
--- !u!1 &3432425149269320571
GameObject:
  m_ObjectHideFlags: 0
  m_CorrespondingSourceObject: {fileID: 0}
  m_PrefabInstance: {fileID: 0}
  m_PrefabAsset: {fileID: 0}
  serializedVersion: 6
  m_Component:
  - component: {fileID: 7585755976005920513}
  m_Layer: 0
  m_Name: mixamorig:LeftHandThumb2
  m_TagString: Untagged
  m_Icon: {fileID: 0}
  m_NavMeshLayer: 0
  m_StaticEditorFlags: 0
  m_IsActive: 1
--- !u!4 &7585755976005920513
Transform:
  m_ObjectHideFlags: 0
  m_CorrespondingSourceObject: {fileID: 0}
  m_PrefabInstance: {fileID: 0}
  m_PrefabAsset: {fileID: 0}
  m_GameObject: {fileID: 3432425149269320571}
  m_LocalRotation: {x: -0.00008348899, y: 0.001876286, z: 0.26443535, w: 0.9644016}
  m_LocalPosition: {x: -0.0083472775, y: 0.025897676, z: 2.2585066e-11}
  m_LocalScale: {x: 1, y: 1, z: 1}
  m_Children:
  - {fileID: 5171028447357885293}
  m_Father: {fileID: 1124784194559625869}
  m_RootOrder: 0
  m_LocalEulerAnglesHint: {x: 0, y: 0, z: 0}
--- !u!1 &3585370335721401332
GameObject:
  m_ObjectHideFlags: 0
  m_CorrespondingSourceObject: {fileID: 0}
  m_PrefabInstance: {fileID: 0}
  m_PrefabAsset: {fileID: 0}
  serializedVersion: 6
  m_Component:
  - component: {fileID: 2591748802417928851}
  m_Layer: 0
  m_Name: mixamorig:LeftHandIndex2
  m_TagString: Untagged
  m_Icon: {fileID: 0}
  m_NavMeshLayer: 0
  m_StaticEditorFlags: 0
  m_IsActive: 1
--- !u!4 &2591748802417928851
Transform:
  m_ObjectHideFlags: 0
  m_CorrespondingSourceObject: {fileID: 0}
  m_PrefabInstance: {fileID: 0}
  m_PrefabAsset: {fileID: 0}
  m_GameObject: {fileID: 3585370335721401332}
  m_LocalRotation: {x: 0.0000011362768, y: 0.00057121814, z: 0.0069581307, w: 0.9999756}
  m_LocalPosition: {x: -0.00019431593, y: 0.04400882, z: 7.504929e-10}
  m_LocalScale: {x: 1, y: 1, z: 1}
  m_Children:
  - {fileID: 3426435987886053600}
  m_Father: {fileID: 6621965030644649271}
  m_RootOrder: 0
  m_LocalEulerAnglesHint: {x: 0, y: 0, z: 0}
--- !u!1 &3631367111590033700
GameObject:
  m_ObjectHideFlags: 0
  m_CorrespondingSourceObject: {fileID: 0}
  m_PrefabInstance: {fileID: 0}
  m_PrefabAsset: {fileID: 0}
  serializedVersion: 6
  m_Component:
  - component: {fileID: 7638500578474996595}
  m_Layer: 0
  m_Name: mixamorig:RightForeArm
  m_TagString: Untagged
  m_Icon: {fileID: 0}
  m_NavMeshLayer: 0
  m_StaticEditorFlags: 0
  m_IsActive: 1
--- !u!4 &7638500578474996595
Transform:
  m_ObjectHideFlags: 0
  m_CorrespondingSourceObject: {fileID: 0}
  m_PrefabInstance: {fileID: 0}
  m_PrefabAsset: {fileID: 0}
  m_GameObject: {fileID: 3631367111590033700}
  m_LocalRotation: {x: 0.0000001738612, y: -0.00018682795, z: 0.00000019753378, w: 1}
  m_LocalPosition: {x: 5.161317e-11, y: 0.15279497, z: 1.0839319e-11}
  m_LocalScale: {x: 1, y: 1, z: 1}
  m_Children:
  - {fileID: 5775749892346853651}
  m_Father: {fileID: 1934159601457928670}
  m_RootOrder: 0
  m_LocalEulerAnglesHint: {x: 0, y: 0, z: 0}
--- !u!1 &3732711643877389144
GameObject:
  m_ObjectHideFlags: 0
  m_CorrespondingSourceObject: {fileID: 0}
  m_PrefabInstance: {fileID: 0}
  m_PrefabAsset: {fileID: 0}
  serializedVersion: 6
  m_Component:
  - component: {fileID: 1859865556066964963}
  m_Layer: 0
  m_Name: mixamorig:LeftArm
  m_TagString: Untagged
  m_Icon: {fileID: 0}
  m_NavMeshLayer: 0
  m_StaticEditorFlags: 0
  m_IsActive: 1
--- !u!4 &1859865556066964963
Transform:
  m_ObjectHideFlags: 0
  m_CorrespondingSourceObject: {fileID: 0}
  m_PrefabInstance: {fileID: 0}
  m_PrefabAsset: {fileID: 0}
  m_GameObject: {fileID: 3732711643877389144}
  m_LocalRotation: {x: -0.14601353, y: -0.0004884344, z: -0.00048597113, w: 0.98928237}
  m_LocalPosition: {x: -3.3536344e-12, y: 0.0959004, z: 1.7573454e-10}
  m_LocalScale: {x: 1, y: 1, z: 1}
  m_Children:
  - {fileID: 3406262069054175266}
  m_Father: {fileID: 7495239309273318959}
  m_RootOrder: 0
  m_LocalEulerAnglesHint: {x: 0, y: 0, z: 0}
--- !u!1 &3799340772676381404
GameObject:
  m_ObjectHideFlags: 0
  m_CorrespondingSourceObject: {fileID: 0}
  m_PrefabInstance: {fileID: 0}
  m_PrefabAsset: {fileID: 0}
  serializedVersion: 6
  m_Component:
  - component: {fileID: 6430462084560627423}
  m_Layer: 0
  m_Name: mixamorig:Spine1
  m_TagString: Untagged
  m_Icon: {fileID: 0}
  m_NavMeshLayer: 0
  m_StaticEditorFlags: 0
  m_IsActive: 1
--- !u!4 &6430462084560627423
Transform:
  m_ObjectHideFlags: 0
  m_CorrespondingSourceObject: {fileID: 0}
  m_PrefabInstance: {fileID: 0}
  m_PrefabAsset: {fileID: 0}
  m_GameObject: {fileID: 3799340772676381404}
  m_LocalRotation: {x: 2.8977027e-26, y: -4.2480183e-14, z: 6.821305e-13, w: 1}
  m_LocalPosition: {x: -0, y: 0.079887174, z: 3.563761e-13}
  m_LocalScale: {x: 1, y: 1, z: 1}
  m_Children:
  - {fileID: 5514327096737011380}
  m_Father: {fileID: 441400324092539447}
  m_RootOrder: 0
  m_LocalEulerAnglesHint: {x: 0, y: 0, z: 0}
--- !u!1 &3877845445673703519
GameObject:
  m_ObjectHideFlags: 0
  m_CorrespondingSourceObject: {fileID: 0}
  m_PrefabInstance: {fileID: 0}
  m_PrefabAsset: {fileID: 0}
  serializedVersion: 6
  m_Component:
  - component: {fileID: 4213134945418952262}
  m_Layer: 0
  m_Name: mixamorig:RightHandThumb2
  m_TagString: Untagged
  m_Icon: {fileID: 0}
  m_NavMeshLayer: 0
  m_StaticEditorFlags: 0
  m_IsActive: 1
--- !u!4 &4213134945418952262
Transform:
  m_ObjectHideFlags: 0
  m_CorrespondingSourceObject: {fileID: 0}
  m_PrefabInstance: {fileID: 0}
  m_PrefabAsset: {fileID: 0}
  m_GameObject: {fileID: 3877845445673703519}
  m_LocalRotation: {x: -0.000010003416, y: -0.001090607, z: -0.26168314, w: 0.9651532}
  m_LocalPosition: {x: 0.0075484407, y: 0.026861832, z: 5.245698e-10}
  m_LocalScale: {x: 1, y: 1, z: 1}
  m_Children:
  - {fileID: 5934634348244629441}
  m_Father: {fileID: 4370787502397608485}
  m_RootOrder: 0
  m_LocalEulerAnglesHint: {x: 0, y: 0, z: 0}
--- !u!1 &4323457279344397896
GameObject:
  m_ObjectHideFlags: 0
  m_CorrespondingSourceObject: {fileID: 0}
  m_PrefabInstance: {fileID: 0}
  m_PrefabAsset: {fileID: 0}
  serializedVersion: 6
  m_Component:
  - component: {fileID: 4747647554829476007}
  m_Layer: 0
  m_Name: mixamorig:RightFoot
  m_TagString: Untagged
  m_Icon: {fileID: 0}
  m_NavMeshLayer: 0
  m_StaticEditorFlags: 0
  m_IsActive: 1
--- !u!4 &4747647554829476007
Transform:
  m_ObjectHideFlags: 0
  m_CorrespondingSourceObject: {fileID: 0}
  m_PrefabInstance: {fileID: 0}
  m_PrefabAsset: {fileID: 0}
  m_GameObject: {fileID: 4323457279344397896}
  m_LocalRotation: {x: 0.6298713, y: -0.09299954, z: 0.08525525, w: 0.7663843}
  m_LocalPosition: {x: -2.8707675e-11, y: 0.20759594, z: 7.3524964e-10}
  m_LocalScale: {x: 1, y: 1, z: 1}
  m_Children:
  - {fileID: 7055879030335950963}
  m_Father: {fileID: 401069873529636865}
  m_RootOrder: 0
  m_LocalEulerAnglesHint: {x: 0, y: 0, z: 0}
--- !u!1 &4995425432023301002
GameObject:
  m_ObjectHideFlags: 0
  m_CorrespondingSourceObject: {fileID: 0}
  m_PrefabInstance: {fileID: 0}
  m_PrefabAsset: {fileID: 0}
  serializedVersion: 6
  m_Component:
  - component: {fileID: 5627388859290689840}
  - component: {fileID: 1799377780081621834}
  - component: {fileID: 8861229106482082082}
  - component: {fileID: 942116930822697047}
  - component: {fileID: 7112884025958712150}
  - component: {fileID: 7657693029791912426}
  m_Layer: 0
  m_Name: Red Guy Ennemy
  m_TagString: Untagged
  m_Icon: {fileID: 0}
  m_NavMeshLayer: 0
  m_StaticEditorFlags: 0
  m_IsActive: 1
--- !u!4 &5627388859290689840
Transform:
  m_ObjectHideFlags: 0
  m_CorrespondingSourceObject: {fileID: 0}
  m_PrefabInstance: {fileID: 0}
  m_PrefabAsset: {fileID: 0}
  m_GameObject: {fileID: 4995425432023301002}
  m_LocalRotation: {x: 0, y: 0.9846528, z: 0, w: 0.17452477}
  m_LocalPosition: {x: 0.695, y: 0, z: -2.558}
  m_LocalScale: {x: 1.8000016, y: 1.8, z: 1.8000016}
  m_Children:
  - {fileID: 164612930381103524}
  - {fileID: 7513624261213066152}
  - {fileID: 306103696580369383}
  - {fileID: 7507301496572915011}
  m_Father: {fileID: 0}
  m_RootOrder: 0
  m_LocalEulerAnglesHint: {x: 0, y: 159.898, z: 0}
--- !u!95 &1799377780081621834
Animator:
  serializedVersion: 3
  m_ObjectHideFlags: 0
  m_CorrespondingSourceObject: {fileID: 0}
  m_PrefabInstance: {fileID: 0}
  m_PrefabAsset: {fileID: 0}
  m_GameObject: {fileID: 4995425432023301002}
  m_Enabled: 1
  m_Avatar: {fileID: 0}
  m_Controller: {fileID: 9100000, guid: 479cc5250e9f0754aa76fd0a656d94fd, type: 2}
  m_CullingMode: 1
  m_UpdateMode: 0
  m_ApplyRootMotion: 0
  m_LinearVelocityBlending: 0
  m_WarningMessage: 
  m_HasTransformHierarchy: 1
  m_AllowConstantClipSamplingOptimization: 1
  m_KeepAnimatorControllerStateOnDisable: 0
--- !u!136 &8861229106482082082
CapsuleCollider:
  m_ObjectHideFlags: 0
  m_CorrespondingSourceObject: {fileID: 0}
  m_PrefabInstance: {fileID: 0}
  m_PrefabAsset: {fileID: 0}
  m_GameObject: {fileID: 4995425432023301002}
  m_Material: {fileID: 0}
  m_IsTrigger: 0
  m_Enabled: 1
  m_Radius: 0.3
  m_Height: 1.3
  m_Direction: 1
  m_Center: {x: 0, y: 0.65, z: 0}
--- !u!54 &942116930822697047
Rigidbody:
  m_ObjectHideFlags: 0
  m_CorrespondingSourceObject: {fileID: 0}
  m_PrefabInstance: {fileID: 0}
  m_PrefabAsset: {fileID: 0}
  m_GameObject: {fileID: 4995425432023301002}
  serializedVersion: 2
  m_Mass: 100
  m_Drag: 1
  m_AngularDrag: 1
  m_UseGravity: 0
  m_IsKinematic: 0
  m_Interpolate: 1
  m_Constraints: 0
  m_CollisionDetection: 0
--- !u!114 &7112884025958712150
MonoBehaviour:
  m_ObjectHideFlags: 0
  m_CorrespondingSourceObject: {fileID: 0}
  m_PrefabInstance: {fileID: 0}
  m_PrefabAsset: {fileID: 0}
  m_GameObject: {fileID: 4995425432023301002}
  m_Enabled: 1
  m_EditorHideFlags: 0
  m_Script: {fileID: 11500000, guid: 129de93ad06c224488888d6eaa57ecb6, type: 3}
  m_Name: 
  m_EditorClassIdentifier: 
  lifepoint: 1
  speedNavMesh: 2.5
  speedRigibody: 4.5
  maxDistanceBeforeNavMeshMovement: 30
  maxDistanceBeforeRigibodyMovement: 2
  timeBeforeRecalculatePath: 0.2
  dammage: 1
  speedAnimator: 1
  CanMove: 0
  debug: 0
  navMeshPathStatus: 0
  distanceFromPlayer: 0
  hit_feedback: {fileID: 2619510396415698378}
  dead_feedback: {fileID: 1418788130161760521}
  activateDebug: 0
  colorGizmos: {r: 0, g: 1, b: 0, a: 1}
--- !u!195 &7657693029791912426
NavMeshAgent:
  m_ObjectHideFlags: 0
  m_CorrespondingSourceObject: {fileID: 0}
  m_PrefabInstance: {fileID: 0}
  m_PrefabAsset: {fileID: 0}
  m_GameObject: {fileID: 4995425432023301002}
  m_Enabled: 1
  m_AgentTypeID: 0
  m_Radius: 0.2
  m_Speed: 3.5
  m_Acceleration: 20
  avoidancePriority: 50
  m_AngularSpeed: 360
  m_StoppingDistance: 0
  m_AutoTraverseOffMeshLink: 1
  m_AutoBraking: 1
  m_AutoRepath: 1
  m_Height: 1.3
  m_BaseOffset: 0
  m_WalkableMask: 4294967295
  m_ObstacleAvoidanceType: 3
--- !u!1 &5086597783584151761
GameObject:
  m_ObjectHideFlags: 0
  m_CorrespondingSourceObject: {fileID: 0}
  m_PrefabInstance: {fileID: 0}
  m_PrefabAsset: {fileID: 0}
  serializedVersion: 6
  m_Component:
  - component: {fileID: 164612930381103524}
  m_Layer: 0
  m_Name: mixamorig:Hips
  m_TagString: Untagged
  m_Icon: {fileID: 0}
  m_NavMeshLayer: 0
  m_StaticEditorFlags: 0
  m_IsActive: 1
--- !u!4 &164612930381103524
Transform:
  m_ObjectHideFlags: 0
  m_CorrespondingSourceObject: {fileID: 0}
  m_PrefabInstance: {fileID: 0}
  m_PrefabAsset: {fileID: 0}
  m_GameObject: {fileID: 5086597783584151761}
  m_LocalRotation: {x: 0.00000005952027, y: 0.00000020290041, z: -0.0000074160216,
    w: 1}
  m_LocalPosition: {x: 0.00000051935797, y: 0.52926093, z: 0.007232876}
  m_LocalScale: {x: 1, y: 1, z: 1}
  m_Children:
  - {fileID: 7644387366420510936}
  - {fileID: 4093001616568809115}
  - {fileID: 441400324092539447}
  m_Father: {fileID: 5627388859290689840}
  m_RootOrder: 0
  m_LocalEulerAnglesHint: {x: 0, y: 0, z: 0}
--- !u!1 &5187117485706866606
GameObject:
  m_ObjectHideFlags: 0
  m_CorrespondingSourceObject: {fileID: 0}
  m_PrefabInstance: {fileID: 0}
  m_PrefabAsset: {fileID: 0}
  serializedVersion: 6
  m_Component:
  - component: {fileID: 5391710103150601619}
  m_Layer: 0
  m_Name: mixamorig:RightHandThumb4
  m_TagString: Untagged
  m_Icon: {fileID: 0}
  m_NavMeshLayer: 0
  m_StaticEditorFlags: 0
  m_IsActive: 1
--- !u!4 &5391710103150601619
Transform:
  m_ObjectHideFlags: 0
  m_CorrespondingSourceObject: {fileID: 0}
  m_PrefabInstance: {fileID: 0}
  m_PrefabAsset: {fileID: 0}
  m_GameObject: {fileID: 5187117485706866606}
  m_LocalRotation: {x: 0, y: -0, z: -0, w: 1}
  m_LocalPosition: {x: -0.0003367947, y: 0.024579182, z: -7.0134315e-11}
  m_LocalScale: {x: 1, y: 1, z: 1}
  m_Children: []
  m_Father: {fileID: 5934634348244629441}
  m_RootOrder: 0
  m_LocalEulerAnglesHint: {x: 0, y: 0, z: 0}
--- !u!1 &5310496260487612450
GameObject:
  m_ObjectHideFlags: 0
  m_CorrespondingSourceObject: {fileID: 0}
  m_PrefabInstance: {fileID: 0}
  m_PrefabAsset: {fileID: 0}
  serializedVersion: 6
  m_Component:
  - component: {fileID: 3147618088764931910}
  m_Layer: 0
  m_Name: mixamorig:RightShoulder
  m_TagString: Untagged
  m_Icon: {fileID: 0}
  m_NavMeshLayer: 0
  m_StaticEditorFlags: 0
  m_IsActive: 1
--- !u!4 &3147618088764931910
Transform:
  m_ObjectHideFlags: 0
  m_CorrespondingSourceObject: {fileID: 0}
  m_PrefabInstance: {fileID: 0}
  m_PrefabAsset: {fileID: 0}
  m_GameObject: {fileID: 5310496260487612450}
  m_LocalRotation: {x: 0.56796974, y: 0.4214184, z: -0.5672622, w: 0.42193666}
  m_LocalPosition: {x: 0.045766357, y: 0.08833943, z: 0.00005693323}
  m_LocalScale: {x: 1, y: 1, z: 1}
  m_Children:
  - {fileID: 1934159601457928670}
  m_Father: {fileID: 5514327096737011380}
  m_RootOrder: 2
  m_LocalEulerAnglesHint: {x: 0, y: 0, z: 0}
--- !u!1 &5444037610490496157
GameObject:
  m_ObjectHideFlags: 0
  m_CorrespondingSourceObject: {fileID: 0}
  m_PrefabInstance: {fileID: 0}
  m_PrefabAsset: {fileID: 0}
  serializedVersion: 6
  m_Component:
  - component: {fileID: 1934159601457928670}
  m_Layer: 0
  m_Name: mixamorig:RightArm
  m_TagString: Untagged
  m_Icon: {fileID: 0}
  m_NavMeshLayer: 0
  m_StaticEditorFlags: 0
  m_IsActive: 1
--- !u!4 &1934159601457928670
Transform:
  m_ObjectHideFlags: 0
  m_CorrespondingSourceObject: {fileID: 0}
  m_PrefabInstance: {fileID: 0}
  m_PrefabAsset: {fileID: 0}
  m_GameObject: {fileID: 5444037610490496157}
  m_LocalRotation: {x: -0.14601195, y: 0.0012511804, z: -0.00081151037, w: 0.9892817}
  m_LocalPosition: {x: -3.436201e-12, y: 0.0959004, z: 1.757331e-10}
  m_LocalScale: {x: 1, y: 1, z: 1}
  m_Children:
  - {fileID: 7638500578474996595}
  m_Father: {fileID: 3147618088764931910}
  m_RootOrder: 0
  m_LocalEulerAnglesHint: {x: 0, y: 0, z: 0}
--- !u!1 &5785830394978174132
GameObject:
  m_ObjectHideFlags: 0
  m_CorrespondingSourceObject: {fileID: 0}
  m_PrefabInstance: {fileID: 0}
  m_PrefabAsset: {fileID: 0}
  serializedVersion: 6
  m_Component:
  - component: {fileID: 4086841329172054141}
  m_Layer: 0
  m_Name: mixamorig:RightHandIndex1
  m_TagString: Untagged
  m_Icon: {fileID: 0}
  m_NavMeshLayer: 0
  m_StaticEditorFlags: 0
  m_IsActive: 1
--- !u!4 &4086841329172054141
Transform:
  m_ObjectHideFlags: 0
  m_CorrespondingSourceObject: {fileID: 0}
  m_PrefabInstance: {fileID: 0}
  m_PrefabAsset: {fileID: 0}
  m_GameObject: {fileID: 5785830394978174132}
  m_LocalRotation: {x: 0.010232319, y: -0.051066406, z: 0.01421848, w: 0.9985416}
  m_LocalPosition: {x: -3.287868e-10, y: 0.041435707, z: 0.00091205107}
  m_LocalScale: {x: 1, y: 1, z: 1}
  m_Children:
  - {fileID: 8826385134776680144}
  m_Father: {fileID: 5775749892346853651}
  m_RootOrder: 0
  m_LocalEulerAnglesHint: {x: 0, y: 0, z: 0}
--- !u!1 &6446561674168298479
GameObject:
  m_ObjectHideFlags: 0
  m_CorrespondingSourceObject: {fileID: 0}
  m_PrefabInstance: {fileID: 0}
  m_PrefabAsset: {fileID: 0}
  serializedVersion: 6
  m_Component:
  - component: {fileID: 3426435987886053600}
  m_Layer: 0
  m_Name: mixamorig:LeftHandIndex3
  m_TagString: Untagged
  m_Icon: {fileID: 0}
  m_NavMeshLayer: 0
  m_StaticEditorFlags: 0
  m_IsActive: 1
--- !u!4 &3426435987886053600
Transform:
  m_ObjectHideFlags: 0
  m_CorrespondingSourceObject: {fileID: 0}
  m_PrefabInstance: {fileID: 0}
  m_PrefabAsset: {fileID: 0}
  m_GameObject: {fileID: 6446561674168298479}
  m_LocalRotation: {x: -0.0000003292563, y: 0.000038788996, z: -0.0070976517, w: 0.99997485}
  m_LocalPosition: {x: 0.00031730905, y: 0.033518843, z: 0.00000000137405}
  m_LocalScale: {x: 1, y: 1, z: 1}
  m_Children:
  - {fileID: 5029175637694046789}
  m_Father: {fileID: 2591748802417928851}
  m_RootOrder: 0
  m_LocalEulerAnglesHint: {x: 0, y: 0, z: 0}
--- !u!1 &6559290962421297462
GameObject:
  m_ObjectHideFlags: 0
  m_CorrespondingSourceObject: {fileID: 0}
  m_PrefabInstance: {fileID: 0}
  m_PrefabAsset: {fileID: 0}
  serializedVersion: 6
  m_Component:
  - component: {fileID: 1161546211252205173}
  m_Layer: 0
  m_Name: mixamorig:LeftToeBase
  m_TagString: Untagged
  m_Icon: {fileID: 0}
  m_NavMeshLayer: 0
  m_StaticEditorFlags: 0
  m_IsActive: 1
--- !u!4 &1161546211252205173
Transform:
  m_ObjectHideFlags: 0
  m_CorrespondingSourceObject: {fileID: 0}
  m_PrefabInstance: {fileID: 0}
  m_PrefabAsset: {fileID: 0}
  m_GameObject: {fileID: 6559290962421297462}
  m_LocalRotation: {x: 0.16645423, y: 0.0010432662, z: 0.0061800582, w: 0.98602927}
  m_LocalPosition: {x: 3.8514497e-10, y: 0.1049025, z: -0.0000000018694866}
  m_LocalScale: {x: 1, y: 1, z: 1}
  m_Children:
  - {fileID: 8181826246332756899}
  m_Father: {fileID: 7569047504463861994}
  m_RootOrder: 0
  m_LocalEulerAnglesHint: {x: 0, y: 0, z: 0}
--- !u!1 &6641497499723803232
GameObject:
  m_ObjectHideFlags: 0
  m_CorrespondingSourceObject: {fileID: 0}
  m_PrefabInstance: {fileID: 0}
  m_PrefabAsset: {fileID: 0}
  serializedVersion: 6
  m_Component:
  - component: {fileID: 441400324092539447}
  m_Layer: 0
  m_Name: mixamorig:Spine
  m_TagString: Untagged
  m_Icon: {fileID: 0}
  m_NavMeshLayer: 0
  m_StaticEditorFlags: 0
  m_IsActive: 1
--- !u!4 &441400324092539447
Transform:
  m_ObjectHideFlags: 0
  m_CorrespondingSourceObject: {fileID: 0}
  m_PrefabInstance: {fileID: 0}
  m_PrefabAsset: {fileID: 0}
  m_GameObject: {fileID: 6641497499723803232}
  m_LocalRotation: {x: 0.00011189528, y: -0.00000020207392, z: 0.0000074160434, w: 1}
  m_LocalPosition: {x: -0, y: 0.06847475, z: 0.000015332042}
  m_LocalScale: {x: 1, y: 1, z: 1}
  m_Children:
  - {fileID: 6430462084560627423}
  m_Father: {fileID: 164612930381103524}
  m_RootOrder: 2
  m_LocalEulerAnglesHint: {x: 0, y: 0, z: 0}
--- !u!1 &6721714211515907162
GameObject:
  m_ObjectHideFlags: 0
  m_CorrespondingSourceObject: {fileID: 0}
  m_PrefabInstance: {fileID: 0}
  m_PrefabAsset: {fileID: 0}
  serializedVersion: 6
  m_Component:
  - component: {fileID: 7507301496572915011}
  - component: {fileID: 1418788130161760521}
  - component: {fileID: 2251591380914692735}
  - component: {fileID: 702996505717555451}
  - component: {fileID: 4228698423127524269}
  - component: {fileID: 664249244952586871}
  m_Layer: 0
  m_Name: feedback dead
  m_TagString: Untagged
  m_Icon: {fileID: 0}
  m_NavMeshLayer: 0
  m_StaticEditorFlags: 0
  m_IsActive: 1
--- !u!4 &7507301496572915011
Transform:
  m_ObjectHideFlags: 0
  m_CorrespondingSourceObject: {fileID: 0}
  m_PrefabInstance: {fileID: 0}
  m_PrefabAsset: {fileID: 0}
  m_GameObject: {fileID: 6721714211515907162}
  m_LocalRotation: {x: 0, y: 0, z: 0, w: 1}
  m_LocalPosition: {x: 0, y: 0, z: 0}
  m_LocalScale: {x: 1, y: 1, z: 1}
  m_Children: []
  m_Father: {fileID: 5627388859290689840}
  m_RootOrder: 3
  m_LocalEulerAnglesHint: {x: 0, y: 0, z: 0}
--- !u!114 &1418788130161760521
MonoBehaviour:
  m_ObjectHideFlags: 0
  m_CorrespondingSourceObject: {fileID: 0}
  m_PrefabInstance: {fileID: 0}
  m_PrefabAsset: {fileID: 0}
  m_GameObject: {fileID: 6721714211515907162}
  m_Enabled: 1
  m_EditorHideFlags: 0
  m_Script: {fileID: 11500000, guid: 841b72de2996c5c40bfb394f3d0e0a98, type: 3}
  m_Name: 
  m_EditorClassIdentifier: 
  Feedbacks:
  - {fileID: 2251591380914692735}
  - {fileID: 702996505717555451}
  - {fileID: 4228698423127524269}
  - {fileID: 664249244952586871}
  InitializationMode: 0
  SafeMode: 3
  AutoPlayOnStart: 0
  DebugActive: 0
--- !u!114 &2251591380914692735
MonoBehaviour:
  m_ObjectHideFlags: 0
  m_CorrespondingSourceObject: {fileID: 0}
  m_PrefabInstance: {fileID: 0}
  m_PrefabAsset: {fileID: 0}
  m_GameObject: {fileID: 6721714211515907162}
  m_Enabled: 1
  m_EditorHideFlags: 0
  m_Script: {fileID: 11500000, guid: 5f1326a5f4dbb874f9c42effa0befa36, type: 3}
  m_Name: 
  m_EditorClassIdentifier: 
  Active: 1
  Label: Haptics
  Chance: 100
  Timing:
    TimescaleMode: 0
    InitialDelay: 0
    CooldownDuration: 0
    NumberOfRepeats: 0
    RepeatForever: 0
    DelayBetweenRepeats: 1
    Sequence: {fileID: 0}
    TrackID: 0
    Quantized: 0
    TargetBPM: 120
  DebugActive: 0
  HapticMethod: 0
  HapticType: 6
  TransientIntensity: 1
  TransientSharpness: 1
  ATVibrateIOS: 1
  ATIOSIntensity: 1
  ATIOSSharpness: 1
  ATVibrateAndroid: 1
  ATVibrateAndroidIfNoSupport: 0
  ATAndroidIntensity: 1
  ATAndroidSharpness: 1
  ATRumble: 1
  ATRumbleIntensity: 1
  ATRumbleSharpness: 1
  ATRumbleControllerID: -1
  InitialContinuousIntensity: 1
  ContinuousIntensityCurve:
    serializedVersion: 2
    m_Curve:
    - serializedVersion: 3
      time: 0
      value: 1
      inSlope: 0
      outSlope: 0
      tangentMode: 0
      weightedMode: 0
      inWeight: 0
      outWeight: 0
    - serializedVersion: 3
      time: 1
      value: 1
      inSlope: 0
      outSlope: 0
      tangentMode: 0
      weightedMode: 0
      inWeight: 0
      outWeight: 0
    m_PreInfinity: 2
    m_PostInfinity: 2
    m_RotationOrder: 4
  InitialContinuousSharpness: 1
  ContinuousSharpnessCurve:
    serializedVersion: 2
    m_Curve:
    - serializedVersion: 3
      time: 0
      value: 1
      inSlope: 0
      outSlope: 0
      tangentMode: 0
      weightedMode: 0
      inWeight: 0
      outWeight: 0
    - serializedVersion: 3
      time: 1
      value: 1
      inSlope: 0
      outSlope: 0
      tangentMode: 0
      weightedMode: 0
      inWeight: 0
      outWeight: 0
    m_PreInfinity: 2
    m_PostInfinity: 2
    m_RotationOrder: 4
  ContinuousDuration: 1
  APVibrateIOS: 1
  AHAPFileForIOS: {fileID: 0}
  APVibrateAndroid: 1
  APVibrateAndroidIfNoSupport: 0
  AndroidWaveFormFile: {fileID: 0}
  APRumble: 1
  RumbleWaveFormFile: {fileID: 0}
  AndroidRepeat: -1
  RumbleRepeat: -1
  OldIOSFallback: 0
  Timescale: 1
  AllowRumble: 1
  ControllerID: -1
--- !u!114 &702996505717555451
MonoBehaviour:
  m_ObjectHideFlags: 0
  m_CorrespondingSourceObject: {fileID: 0}
  m_PrefabInstance: {fileID: 0}
  m_PrefabAsset: {fileID: 0}
  m_GameObject: {fileID: 6721714211515907162}
  m_Enabled: 1
  m_EditorHideFlags: 0
  m_Script: {fileID: 11500000, guid: d8fe7e41857f44348b52714b3238715c, type: 3}
  m_Name: 
  m_EditorClassIdentifier: 
  Active: 1
  Label: Camera Shake
  Chance: 100
  Timing:
    TimescaleMode: 0
    InitialDelay: 0
    CooldownDuration: 0.1
    NumberOfRepeats: 0
    RepeatForever: 0
    DelayBetweenRepeats: 1
    Sequence: {fileID: 0}
    TrackID: 0
    Quantized: 0
    TargetBPM: 120
  DebugActive: 0
  RepeatUntilStopped: 0
  Channel: 0
  CameraShakeProperties:
    Duration: 0.1
    Amplitude: 0.5
    Frequency: 10
--- !u!114 &4228698423127524269
MonoBehaviour:
  m_ObjectHideFlags: 0
  m_CorrespondingSourceObject: {fileID: 0}
  m_PrefabInstance: {fileID: 0}
  m_PrefabAsset: {fileID: 0}
  m_GameObject: {fileID: 6721714211515907162}
  m_Enabled: 1
  m_EditorHideFlags: 0
  m_Script: {fileID: 11500000, guid: 86fec89a17b5b2347a82ae1c77aced3d, type: 3}
  m_Name: 
  m_EditorClassIdentifier: 
  Active: 1
  Label: Freeze Frame
  Chance: 100
  Timing:
    TimescaleMode: 0
    InitialDelay: 0
    CooldownDuration: 0.02
    NumberOfRepeats: 0
    RepeatForever: 0
    DelayBetweenRepeats: 1
    Sequence: {fileID: 0}
    TrackID: 0
    Quantized: 0
    TargetBPM: 120
  DebugActive: 0
  FreezeFrameDuration: 0.02
--- !u!114 &664249244952586871
MonoBehaviour:
  m_ObjectHideFlags: 0
  m_CorrespondingSourceObject: {fileID: 0}
  m_PrefabInstance: {fileID: 0}
  m_PrefabAsset: {fileID: 0}
  m_GameObject: {fileID: 6721714211515907162}
  m_Enabled: 1
  m_EditorHideFlags: 0
  m_Script: {fileID: 11500000, guid: cdfe4b9b079619143a9748eeee75e698, type: 3}
  m_Name: 
  m_EditorClassIdentifier: 
  Active: 1
  Label: Death FX
  Chance: 100
  Timing:
    TimescaleMode: 0
    InitialDelay: 0
    CooldownDuration: 0
    NumberOfRepeats: 0
    RepeatForever: 0
    DelayBetweenRepeats: 1
    Sequence: {fileID: 0}
    TrackID: 0
    Quantized: 0
    TargetBPM: 120
  DebugActive: 0
  Mode: 1
  CachedRecycle: 1
  ParticlesPrefab: {fileID: 7566789612471385801, guid: eb406b0f7bef3d243ba827c1e3460d49,
    type: 3}
  RandomParticlePrefabs: []
  PositionMode: 0
  InstantiateParticlesPosition: {fileID: 0}
  TargetWorldPosition: {x: 0, y: 0, z: 0}
  Offset: {x: 0, y: 0.5, z: 0}
  NestParticles: 0
--- !u!1 &7037788723403076383
GameObject:
  m_ObjectHideFlags: 0
  m_CorrespondingSourceObject: {fileID: 0}
  m_PrefabInstance: {fileID: 0}
  m_PrefabAsset: {fileID: 0}
  serializedVersion: 6
  m_Component:
  - component: {fileID: 3543591335923365725}
  m_Layer: 0
  m_Name: mixamorig:HeadTop_End
  m_TagString: Untagged
  m_Icon: {fileID: 0}
  m_NavMeshLayer: 0
  m_StaticEditorFlags: 0
  m_IsActive: 1
--- !u!4 &3543591335923365725
Transform:
  m_ObjectHideFlags: 0
  m_CorrespondingSourceObject: {fileID: 0}
  m_PrefabInstance: {fileID: 0}
  m_PrefabAsset: {fileID: 0}
  m_GameObject: {fileID: 7037788723403076383}
  m_LocalRotation: {x: 0, y: -0, z: -0, w: 1}
  m_LocalPosition: {x: -0, y: 0.34781557, z: -0.00073778484}
  m_LocalScale: {x: 1, y: 1, z: 1}
  m_Children: []
  m_Father: {fileID: 1762053888984626099}
  m_RootOrder: 0
  m_LocalEulerAnglesHint: {x: 0, y: 0, z: 0}
--- !u!1 &7061315539053869736
GameObject:
  m_ObjectHideFlags: 0
  m_CorrespondingSourceObject: {fileID: 0}
  m_PrefabInstance: {fileID: 0}
  m_PrefabAsset: {fileID: 0}
  serializedVersion: 6
  m_Component:
  - component: {fileID: 306103696580369383}
  - component: {fileID: 2619510396415698378}
  - component: {fileID: 6409128578501075174}
  - component: {fileID: 5153820947700274007}
  - component: {fileID: 700370132}
  - component: {fileID: 5393091897237894431}
  m_Layer: 0
  m_Name: feedback hit
  m_TagString: Untagged
  m_Icon: {fileID: 0}
  m_NavMeshLayer: 0
  m_StaticEditorFlags: 0
  m_IsActive: 1
--- !u!4 &306103696580369383
Transform:
  m_ObjectHideFlags: 0
  m_CorrespondingSourceObject: {fileID: 0}
  m_PrefabInstance: {fileID: 0}
  m_PrefabAsset: {fileID: 0}
  m_GameObject: {fileID: 7061315539053869736}
  m_LocalRotation: {x: 0, y: 0, z: 0, w: 1}
  m_LocalPosition: {x: 0, y: 0, z: 0}
  m_LocalScale: {x: 1, y: 1, z: 1}
  m_Children: []
  m_Father: {fileID: 5627388859290689840}
  m_RootOrder: 2
  m_LocalEulerAnglesHint: {x: 0, y: 0, z: 0}
--- !u!114 &2619510396415698378
MonoBehaviour:
  m_ObjectHideFlags: 0
  m_CorrespondingSourceObject: {fileID: 0}
  m_PrefabInstance: {fileID: 0}
  m_PrefabAsset: {fileID: 0}
  m_GameObject: {fileID: 7061315539053869736}
  m_Enabled: 1
  m_EditorHideFlags: 0
  m_Script: {fileID: 11500000, guid: 841b72de2996c5c40bfb394f3d0e0a98, type: 3}
  m_Name: 
  m_EditorClassIdentifier: 
  Feedbacks:
  - {fileID: 6409128578501075174}
  - {fileID: 5153820947700274007}
  - {fileID: 700370132}
  - {fileID: 5393091897237894431}
  InitializationMode: 0
  SafeMode: 3
  AutoPlayOnStart: 0
  DebugActive: 0
--- !u!114 &6409128578501075174
MonoBehaviour:
  m_ObjectHideFlags: 0
  m_CorrespondingSourceObject: {fileID: 0}
  m_PrefabInstance: {fileID: 0}
  m_PrefabAsset: {fileID: 0}
  m_GameObject: {fileID: 7061315539053869736}
  m_Enabled: 1
  m_EditorHideFlags: 0
  m_Script: {fileID: 11500000, guid: 376d98efc7809f24693ecc03cdc3e05e, type: 3}
  m_Name: 
  m_EditorClassIdentifier: 
  Active: 1
  Label: Knock Back
  Chance: 100
  Timing:
    TimescaleMode: 0
    InitialDelay: 0
    CooldownDuration: 0
    NumberOfRepeats: 0
    RepeatForever: 0
    DelayBetweenRepeats: 1
    Sequence: {fileID: 0}
    TrackID: 0
    Quantized: 0
    TargetBPM: 120
  DebugActive: 0
  AnimatePositionTarget: {fileID: 4995425432023301002}
  Mode: 2
  TimeScale: 0
  Space: 1
  AnimatePositionDuration: 0.2
  AnimatePositionCurve:
    serializedVersion: 2
    m_Curve:
    - serializedVersion: 3
      time: 0
      value: 0
      inSlope: 0
      outSlope: 0
      tangentMode: 0
      weightedMode: 0
      inWeight: 0
      outWeight: 0
    - serializedVersion: 3
      time: 0.101333335
      value: 0.20330189
      inSlope: 0
      outSlope: 0
      tangentMode: 0
      weightedMode: 0
      inWeight: 0
      outWeight: 0
    - serializedVersion: 3
      time: 0.9
      value: 0.95
      inSlope: 0
      outSlope: 0
      tangentMode: 0
      weightedMode: 0
      inWeight: 0
      outWeight: 0
    - serializedVersion: 3
      time: 1
      value: 1
      inSlope: 0
      outSlope: 0
      tangentMode: 0
      weightedMode: 0
      inWeight: 0
      outWeight: 0
    m_PreInfinity: 2
    m_PostInfinity: 2
    m_RotationOrder: 4
  RemapCurveZero: 0
  RemapCurveOne: 1
  AnimateX: 0
  AnimatePositionCurveX:
    serializedVersion: 2
    m_Curve:
    - serializedVersion: 3
      time: 0
      value: 0
      inSlope: 0
      outSlope: 0
      tangentMode: 0
      weightedMode: 0
      inWeight: 0
      outWeight: 0
    - serializedVersion: 3
      time: 0.3
      value: 1
      inSlope: 0
      outSlope: 0
      tangentMode: 0
      weightedMode: 0
      inWeight: 0
      outWeight: 0
    - serializedVersion: 3
      time: 0.6
      value: -1
      inSlope: 0
      outSlope: 0
      tangentMode: 0
      weightedMode: 0
      inWeight: 0
      outWeight: 0
    - serializedVersion: 3
      time: 1
      value: 0
      inSlope: 0
      outSlope: 0
      tangentMode: 0
      weightedMode: 0
      inWeight: 0
      outWeight: 0
    m_PreInfinity: 2
    m_PostInfinity: 2
    m_RotationOrder: 4
  AnimateY: 0
  AnimatePositionCurveY:
    serializedVersion: 2
    m_Curve:
    - serializedVersion: 3
      time: 0
      value: 0
      inSlope: 0
      outSlope: 0
      tangentMode: 0
      weightedMode: 0
      inWeight: 0
      outWeight: 0
    - serializedVersion: 3
      time: 0.3
      value: 1
      inSlope: 0
      outSlope: 0
      tangentMode: 0
      weightedMode: 0
      inWeight: 0
      outWeight: 0
    - serializedVersion: 3
      time: 0.6
      value: -1
      inSlope: 0
      outSlope: 0
      tangentMode: 0
      weightedMode: 0
      inWeight: 0
      outWeight: 0
    - serializedVersion: 3
      time: 1
      value: 0
      inSlope: 0
      outSlope: 0
      tangentMode: 0
      weightedMode: 0
      inWeight: 0
      outWeight: 0
    m_PreInfinity: 2
    m_PostInfinity: 2
    m_RotationOrder: 4
  AnimateZ: 0
  AnimatePositionCurveZ:
    serializedVersion: 2
    m_Curve:
    - serializedVersion: 3
      time: 0
      value: 0
      inSlope: 0
      outSlope: 0
      tangentMode: 0
      weightedMode: 0
      inWeight: 0
      outWeight: 0
    - serializedVersion: 3
      time: 0.3
      value: 1
      inSlope: 0
      outSlope: 0
      tangentMode: 0
      weightedMode: 0
      inWeight: 0
      outWeight: 0
    - serializedVersion: 3
      time: 0.6
      value: -1
      inSlope: 0
      outSlope: 0
      tangentMode: 0
      weightedMode: 0
      inWeight: 0
      outWeight: 0
    - serializedVersion: 3
      time: 1
      value: 0
      inSlope: 0
      outSlope: 0
      tangentMode: 0
      weightedMode: 0
      inWeight: 0
      outWeight: 0
    m_PreInfinity: 2
    m_PostInfinity: 2
    m_RotationOrder: 4
  RelativePosition: 1
  InitialPosition: {x: 0, y: 0, z: 0}
  DestinationPosition: {x: 0, y: 0, z: 0.5}
  InitialPositionTransform: {fileID: 0}
  DestinationPositionTransform: {fileID: 0}
--- !u!114 &5153820947700274007
MonoBehaviour:
  m_ObjectHideFlags: 0
  m_CorrespondingSourceObject: {fileID: 0}
  m_PrefabInstance: {fileID: 0}
  m_PrefabAsset: {fileID: 0}
  m_GameObject: {fileID: 7061315539053869736}
  m_Enabled: 1
  m_EditorHideFlags: 0
  m_Script: {fileID: 11500000, guid: 5f1326a5f4dbb874f9c42effa0befa36, type: 3}
  m_Name: 
  m_EditorClassIdentifier: 
  Active: 1
  Label: Haptics
  Chance: 100
  Timing:
    TimescaleMode: 0
    InitialDelay: 0
    CooldownDuration: 0
    NumberOfRepeats: 0
    RepeatForever: 0
    DelayBetweenRepeats: 1
    Sequence: {fileID: 0}
    TrackID: 0
    Quantized: 0
    TargetBPM: 120
  DebugActive: 0
  HapticMethod: 0
  HapticType: 4
  TransientIntensity: 1
  TransientSharpness: 1
  ATVibrateIOS: 1
  ATIOSIntensity: 1
  ATIOSSharpness: 1
  ATVibrateAndroid: 1
  ATVibrateAndroidIfNoSupport: 0
  ATAndroidIntensity: 1
  ATAndroidSharpness: 1
  ATRumble: 1
  ATRumbleIntensity: 1
  ATRumbleSharpness: 1
  ATRumbleControllerID: -1
  InitialContinuousIntensity: 1
  ContinuousIntensityCurve:
    serializedVersion: 2
    m_Curve:
    - serializedVersion: 3
      time: 0
      value: 1
      inSlope: 0
      outSlope: 0
      tangentMode: 0
      weightedMode: 0
      inWeight: 0
      outWeight: 0
    - serializedVersion: 3
      time: 1
      value: 1
      inSlope: 0
      outSlope: 0
      tangentMode: 0
      weightedMode: 0
      inWeight: 0
      outWeight: 0
    m_PreInfinity: 2
    m_PostInfinity: 2
    m_RotationOrder: 4
  InitialContinuousSharpness: 1
  ContinuousSharpnessCurve:
    serializedVersion: 2
    m_Curve:
    - serializedVersion: 3
      time: 0
      value: 1
      inSlope: 0
      outSlope: 0
      tangentMode: 0
      weightedMode: 0
      inWeight: 0
      outWeight: 0
    - serializedVersion: 3
      time: 1
      value: 1
      inSlope: 0
      outSlope: 0
      tangentMode: 0
      weightedMode: 0
      inWeight: 0
      outWeight: 0
    m_PreInfinity: 2
    m_PostInfinity: 2
    m_RotationOrder: 4
  ContinuousDuration: 1
  APVibrateIOS: 1
  AHAPFileForIOS: {fileID: 0}
  APVibrateAndroid: 1
  APVibrateAndroidIfNoSupport: 0
  AndroidWaveFormFile: {fileID: 0}
  APRumble: 1
  RumbleWaveFormFile: {fileID: 0}
  AndroidRepeat: -1
  RumbleRepeat: -1
  OldIOSFallback: 0
  Timescale: 1
  AllowRumble: 1
  ControllerID: -1
--- !u!114 &700370132
MonoBehaviour:
  m_ObjectHideFlags: 0
  m_CorrespondingSourceObject: {fileID: 0}
  m_PrefabInstance: {fileID: 0}
  m_PrefabAsset: {fileID: 0}
  m_GameObject: {fileID: 7061315539053869736}
  m_Enabled: 1
  m_EditorHideFlags: 0
  m_Script: {fileID: 11500000, guid: d83ae645c92af634f89036dd5302f84a, type: 3}
  m_Name: 
  m_EditorClassIdentifier: 
  Active: 1
  Label: Flicker White
  Chance: 100
  Timing:
    TimescaleMode: 0
    InitialDelay: 0
    CooldownDuration: 0
    NumberOfRepeats: 0
    RepeatForever: 0
    DelayBetweenRepeats: 1
    Sequence: {fileID: 0}
    TrackID: 0
    Quantized: 0
    TargetBPM: 120
  DebugActive: 0
  BoundRenderer: {fileID: 6450745787541566392}
  Mode: 0
  PropertyName: _Tint
  FlickerDuration: 0.03
  FlickerOctave: 0.04
  FlickerColor: {r: 1, g: 1, b: 1, a: 1}
--- !u!114 &5393091897237894431
MonoBehaviour:
  m_ObjectHideFlags: 0
  m_CorrespondingSourceObject: {fileID: 0}
  m_PrefabInstance: {fileID: 0}
  m_PrefabAsset: {fileID: 0}
  m_GameObject: {fileID: 7061315539053869736}
  m_Enabled: 1
  m_EditorHideFlags: 0
  m_Script: {fileID: 11500000, guid: b1c6a190d064b7642bc4c5b64bbcd3c3, type: 3}
  m_Name: 
  m_EditorClassIdentifier: 
  Active: 0
  Label: Animation
  Chance: 100
  Timing:
    TimescaleMode: 0
    InitialDelay: 0
    CooldownDuration: 0
    NumberOfRepeats: 0
    RepeatForever: 0
    DelayBetweenRepeats: 1
    Sequence: {fileID: 0}
    TrackID: 0
    Quantized: 0
    TargetBPM: 120
  DebugActive: 0
  BoundAnimator: {fileID: 1799377780081621834}
  UpdateTrigger: 1
  TriggerMode: 0
  TriggerParameterName: Hit
  UpdateBool: 0
  BoolParameterName: 
--- !u!1 &7068187238331206902
GameObject:
  m_ObjectHideFlags: 0
  m_CorrespondingSourceObject: {fileID: 0}
  m_PrefabInstance: {fileID: 0}
  m_PrefabAsset: {fileID: 0}
  serializedVersion: 6
  m_Component:
  - component: {fileID: 7644387366420510936}
  m_Layer: 0
  m_Name: mixamorig:LeftUpLeg
  m_TagString: Untagged
  m_Icon: {fileID: 0}
  m_NavMeshLayer: 0
  m_StaticEditorFlags: 0
  m_IsActive: 1
--- !u!4 &7644387366420510936
Transform:
  m_ObjectHideFlags: 0
  m_CorrespondingSourceObject: {fileID: 0}
  m_PrefabInstance: {fileID: 0}
  m_PrefabAsset: {fileID: 0}
  m_GameObject: {fileID: 7068187238331206902}
  m_LocalRotation: {x: -0.0016024292, y: 0.033338565, z: 0.9993721, w: 0.011890918}
  m_LocalPosition: {x: -0.055698786, y: -0.038062066, z: -0.008995185}
  m_LocalScale: {x: 1, y: 1, z: 1}
  m_Children:
  - {fileID: 3075003766848544774}
  m_Father: {fileID: 164612930381103524}
  m_RootOrder: 0
  m_LocalEulerAnglesHint: {x: 0, y: 0, z: 0}
--- !u!1 &7088928154107603359
GameObject:
  m_ObjectHideFlags: 0
  m_CorrespondingSourceObject: {fileID: 0}
  m_PrefabInstance: {fileID: 0}
  m_PrefabAsset: {fileID: 0}
  serializedVersion: 6
  m_Component:
  - component: {fileID: 8826385134776680144}
  m_Layer: 0
  m_Name: mixamorig:RightHandIndex2
  m_TagString: Untagged
  m_Icon: {fileID: 0}
  m_NavMeshLayer: 0
  m_StaticEditorFlags: 0
  m_IsActive: 1
--- !u!4 &8826385134776680144
Transform:
  m_ObjectHideFlags: 0
  m_CorrespondingSourceObject: {fileID: 0}
  m_PrefabInstance: {fileID: 0}
  m_PrefabAsset: {fileID: 0}
  m_GameObject: {fileID: 7088928154107603359}
  m_LocalRotation: {x: 0.000008326017, y: -0.0014848416, z: -0.035293113, w: 0.9993759}
  m_LocalPosition: {x: 0.0011515729, y: 0.03886193, z: 3.7310366e-10}
  m_LocalScale: {x: 1, y: 1, z: 1}
  m_Children:
  - {fileID: 1094170239607000473}
  m_Father: {fileID: 4086841329172054141}
  m_RootOrder: 0
  m_LocalEulerAnglesHint: {x: 0, y: 0, z: 0}
--- !u!1 &7192160781129401563
GameObject:
  m_ObjectHideFlags: 0
  m_CorrespondingSourceObject: {fileID: 0}
  m_PrefabInstance: {fileID: 0}
  m_PrefabAsset: {fileID: 0}
  serializedVersion: 6
  m_Component:
  - component: {fileID: 3075003766848544774}
  m_Layer: 0
  m_Name: mixamorig:LeftLeg
  m_TagString: Untagged
  m_Icon: {fileID: 0}
  m_NavMeshLayer: 0
  m_StaticEditorFlags: 0
  m_IsActive: 1
--- !u!4 &3075003766848544774
Transform:
  m_ObjectHideFlags: 0
  m_CorrespondingSourceObject: {fileID: 0}
  m_PrefabInstance: {fileID: 0}
  m_PrefabAsset: {fileID: 0}
  m_GameObject: {fileID: 7192160781129401563}
  m_LocalRotation: {x: -0.104937814, y: -0.0032514594, z: 0.026335284, w: 0.9941247}
  m_LocalPosition: {x: -3.2729008e-10, y: 0.25077686, z: -7.807179e-11}
  m_LocalScale: {x: 1, y: 1, z: 1}
  m_Children:
  - {fileID: 7569047504463861994}
  m_Father: {fileID: 7644387366420510936}
  m_RootOrder: 0
  m_LocalEulerAnglesHint: {x: 0, y: 0, z: 0}
--- !u!1 &7799557695707048922
GameObject:
  m_ObjectHideFlags: 0
  m_CorrespondingSourceObject: {fileID: 0}
  m_PrefabInstance: {fileID: 0}
  m_PrefabAsset: {fileID: 0}
  serializedVersion: 6
  m_Component:
  - component: {fileID: 5775749892346853651}
  m_Layer: 0
  m_Name: mixamorig:RightHand
  m_TagString: Untagged
  m_Icon: {fileID: 0}
  m_NavMeshLayer: 0
  m_StaticEditorFlags: 0
  m_IsActive: 1
--- !u!4 &5775749892346853651
Transform:
  m_ObjectHideFlags: 0
  m_CorrespondingSourceObject: {fileID: 0}
  m_PrefabInstance: {fileID: 0}
  m_PrefabAsset: {fileID: 0}
  m_GameObject: {fileID: 7799557695707048922}
  m_LocalRotation: {x: -0.009055834, y: -0.56778276, z: -0.0062465086, w: 0.823105}
  m_LocalPosition: {x: -1.3160307e-11, y: 0.15582997, z: -1.173485e-11}
  m_LocalScale: {x: 1, y: 1, z: 1}
  m_Children:
  - {fileID: 4086841329172054141}
  - {fileID: 4370787502397608485}
  m_Father: {fileID: 7638500578474996595}
  m_RootOrder: 0
  m_LocalEulerAnglesHint: {x: 0, y: 0, z: 0}
--- !u!1 &7929379314361189590
GameObject:
  m_ObjectHideFlags: 0
  m_CorrespondingSourceObject: {fileID: 0}
  m_PrefabInstance: {fileID: 0}
  m_PrefabAsset: {fileID: 0}
  serializedVersion: 6
  m_Component:
  - component: {fileID: 7495239309273318959}
  m_Layer: 0
  m_Name: mixamorig:LeftShoulder
  m_TagString: Untagged
  m_Icon: {fileID: 0}
  m_NavMeshLayer: 0
  m_StaticEditorFlags: 0
  m_IsActive: 1
--- !u!4 &7495239309273318959
Transform:
  m_ObjectHideFlags: 0
  m_CorrespondingSourceObject: {fileID: 0}
  m_PrefabInstance: {fileID: 0}
  m_PrefabAsset: {fileID: 0}
  m_GameObject: {fileID: 7929379314361189590}
  m_LocalRotation: {x: 0.56734043, y: -0.42185563, z: 0.5679701, w: 0.4213937}
  m_LocalPosition: {x: -0.045766357, y: 0.08833941, z: -0.000050496656}
  m_LocalScale: {x: 1, y: 1, z: 1}
  m_Children:
  - {fileID: 1859865556066964963}
  m_Father: {fileID: 5514327096737011380}
  m_RootOrder: 0
  m_LocalEulerAnglesHint: {x: 0, y: 0, z: 0}
--- !u!1 &8108097997164129258
GameObject:
  m_ObjectHideFlags: 0
  m_CorrespondingSourceObject: {fileID: 0}
  m_PrefabInstance: {fileID: 0}
  m_PrefabAsset: {fileID: 0}
  serializedVersion: 6
  m_Component:
  - component: {fileID: 5171028447357885293}
  m_Layer: 0
  m_Name: mixamorig:LeftHandThumb3
  m_TagString: Untagged
  m_Icon: {fileID: 0}
  m_NavMeshLayer: 0
  m_StaticEditorFlags: 0
  m_IsActive: 1
--- !u!4 &5171028447357885293
Transform:
  m_ObjectHideFlags: 0
  m_CorrespondingSourceObject: {fileID: 0}
  m_PrefabInstance: {fileID: 0}
  m_PrefabAsset: {fileID: 0}
  m_GameObject: {fileID: 8108097997164129258}
  m_LocalRotation: {x: -0.00010495409, y: -0.0007027679, z: -0.074750096, w: 0.9972021}
  m_LocalPosition: {x: 0.0064661554, y: 0.028455036, z: -3.1568878e-10}
  m_LocalScale: {x: 1, y: 1, z: 1}
  m_Children:
  - {fileID: 6992893348092376768}
  m_Father: {fileID: 7585755976005920513}
  m_RootOrder: 0
  m_LocalEulerAnglesHint: {x: 0, y: 0, z: 0}
--- !u!1 &8313622424744395890
GameObject:
  m_ObjectHideFlags: 0
  m_CorrespondingSourceObject: {fileID: 0}
  m_PrefabInstance: {fileID: 0}
  m_PrefabAsset: {fileID: 0}
  serializedVersion: 6
  m_Component:
  - component: {fileID: 5934634348244629441}
  m_Layer: 0
  m_Name: mixamorig:RightHandThumb3
  m_TagString: Untagged
  m_Icon: {fileID: 0}
  m_NavMeshLayer: 0
  m_StaticEditorFlags: 0
  m_IsActive: 1
--- !u!4 &5934634348244629441
Transform:
  m_ObjectHideFlags: 0
  m_CorrespondingSourceObject: {fileID: 0}
  m_PrefabInstance: {fileID: 0}
  m_PrefabAsset: {fileID: 0}
  m_GameObject: {fileID: 8313622424744395890}
  m_LocalRotation: {x: 0.00008616162, y: -0.000639112, z: 0.120625615, w: 0.9926979}
  m_LocalPosition: {x: -0.007211647, y: 0.027597198, z: -4.728272e-10}
  m_LocalScale: {x: 1, y: 1, z: 1}
  m_Children:
  - {fileID: 5391710103150601619}
  m_Father: {fileID: 4213134945418952262}
  m_RootOrder: 0
  m_LocalEulerAnglesHint: {x: 0, y: 0, z: 0}
--- !u!1 &8374061595800237174
GameObject:
  m_ObjectHideFlags: 0
  m_CorrespondingSourceObject: {fileID: 0}
  m_PrefabInstance: {fileID: 0}
  m_PrefabAsset: {fileID: 0}
  serializedVersion: 6
  m_Component:
  - component: {fileID: 1094170239607000473}
  m_Layer: 0
  m_Name: mixamorig:RightHandIndex3
  m_TagString: Untagged
  m_Icon: {fileID: 0}
  m_NavMeshLayer: 0
  m_StaticEditorFlags: 0
  m_IsActive: 1
--- !u!4 &1094170239607000473
Transform:
  m_ObjectHideFlags: 0
  m_CorrespondingSourceObject: {fileID: 0}
  m_PrefabInstance: {fileID: 0}
  m_PrefabAsset: {fileID: 0}
  m_GameObject: {fileID: 8374061595800237174}
  m_LocalRotation: {x: -0.000058476184, y: 0.0034824382, z: 0.024307497, w: 0.99969846}
  m_LocalPosition: {x: -0.0013857499, y: 0.03380365, z: 0.000000001931488}
  m_LocalScale: {x: 1, y: 1, z: 1}
  m_Children:
  - {fileID: 2855265817410021126}
  m_Father: {fileID: 8826385134776680144}
  m_RootOrder: 0
  m_LocalEulerAnglesHint: {x: 0, y: 0, z: 0}
--- !u!1 &8553329654714177798
GameObject:
  m_ObjectHideFlags: 0
  m_CorrespondingSourceObject: {fileID: 0}
  m_PrefabInstance: {fileID: 0}
  m_PrefabAsset: {fileID: 0}
  serializedVersion: 6
  m_Component:
  - component: {fileID: 6621965030644649271}
  m_Layer: 0
  m_Name: mixamorig:LeftHandIndex1
  m_TagString: Untagged
  m_Icon: {fileID: 0}
  m_NavMeshLayer: 0
  m_StaticEditorFlags: 0
  m_IsActive: 1
--- !u!4 &6621965030644649271
Transform:
  m_ObjectHideFlags: 0
  m_CorrespondingSourceObject: {fileID: 0}
  m_PrefabInstance: {fileID: 0}
  m_PrefabAsset: {fileID: 0}
  m_GameObject: {fileID: 8553329654714177798}
  m_LocalRotation: {x: -0.0071454346, y: 0.03199617, z: -0.002447839, w: 0.99945945}
  m_LocalPosition: {x: 6.2026446e-11, y: 0.041268587, z: -0.0005844998}
  m_LocalScale: {x: 1, y: 1, z: 1}
  m_Children:
  - {fileID: 2591748802417928851}
  m_Father: {fileID: 1418174222229623576}
  m_RootOrder: 0
  m_LocalEulerAnglesHint: {x: 0, y: 0, z: 0}
--- !u!1 &8643384131105115927
GameObject:
  m_ObjectHideFlags: 0
  m_CorrespondingSourceObject: {fileID: 0}
  m_PrefabInstance: {fileID: 0}
  m_PrefabAsset: {fileID: 0}
  serializedVersion: 6
  m_Component:
  - component: {fileID: 1418174222229623576}
  m_Layer: 0
  m_Name: mixamorig:LeftHand
  m_TagString: Untagged
  m_Icon: {fileID: 0}
  m_NavMeshLayer: 0
  m_StaticEditorFlags: 0
  m_IsActive: 1
--- !u!4 &1418174222229623576
Transform:
  m_ObjectHideFlags: 0
  m_CorrespondingSourceObject: {fileID: 0}
  m_PrefabInstance: {fileID: 0}
  m_PrefabAsset: {fileID: 0}
  m_GameObject: {fileID: 8643384131105115927}
  m_LocalRotation: {x: 0.005315479, y: 0.66015506, z: -0.004672404, w: 0.751096}
  m_LocalPosition: {x: -3.9781584e-13, y: 0.15582542, z: -1.3636906e-12}
  m_LocalScale: {x: 1, y: 1, z: 1}
  m_Children:
  - {fileID: 6621965030644649271}
  - {fileID: 1124784194559625869}
  m_Father: {fileID: 3406262069054175266}
  m_RootOrder: 0
  m_LocalEulerAnglesHint: {x: 0, y: 0, z: 0}
--- !u!1 &8882046738910520908
GameObject:
  m_ObjectHideFlags: 0
  m_CorrespondingSourceObject: {fileID: 0}
  m_PrefabInstance: {fileID: 0}
  m_PrefabAsset: {fileID: 0}
  serializedVersion: 6
  m_Component:
  - component: {fileID: 7055879030335950963}
  m_Layer: 0
  m_Name: mixamorig:RightToeBase
  m_TagString: Untagged
  m_Icon: {fileID: 0}
  m_NavMeshLayer: 0
  m_StaticEditorFlags: 0
  m_IsActive: 1
--- !u!4 &7055879030335950963
Transform:
  m_ObjectHideFlags: 0
  m_CorrespondingSourceObject: {fileID: 0}
  m_PrefabInstance: {fileID: 0}
  m_PrefabAsset: {fileID: 0}
  m_GameObject: {fileID: 8882046738910520908}
  m_LocalRotation: {x: 0.1722328, y: -0.0020369627, z: -0.011649193, w: 0.9849853}
  m_LocalPosition: {x: -0.0000000011524228, y: 0.1014672, z: -0.0000000015590846}
  m_LocalScale: {x: 1, y: 1, z: 1}
  m_Children:
  - {fileID: 2753477495959138513}
  m_Father: {fileID: 4747647554829476007}
  m_RootOrder: 0
  m_LocalEulerAnglesHint: {x: 0, y: 0, z: 0}
--- !u!1 &8915978032282793170
GameObject:
  m_ObjectHideFlags: 0
  m_CorrespondingSourceObject: {fileID: 0}
  m_PrefabInstance: {fileID: 0}
  m_PrefabAsset: {fileID: 0}
  serializedVersion: 6
  m_Component:
  - component: {fileID: 2855265817410021126}
  m_Layer: 0
  m_Name: mixamorig:RightHandIndex4
  m_TagString: Untagged
  m_Icon: {fileID: 0}
  m_NavMeshLayer: 0
  m_StaticEditorFlags: 0
  m_IsActive: 1
--- !u!4 &2855265817410021126
Transform:
  m_ObjectHideFlags: 0
  m_CorrespondingSourceObject: {fileID: 0}
  m_PrefabInstance: {fileID: 0}
  m_PrefabAsset: {fileID: 0}
  m_GameObject: {fileID: 8915978032282793170}
  m_LocalRotation: {x: 0, y: -0, z: -0, w: 1}
  m_LocalPosition: {x: 0.00023417693, y: 0.030674212, z: 3.1729255e-10}
  m_LocalScale: {x: 1, y: 1, z: 1}
  m_Children: []
  m_Father: {fileID: 1094170239607000473}
  m_RootOrder: 0
  m_LocalEulerAnglesHint: {x: 0, y: 0, z: 0}
--- !u!1 &9112263877368378275
GameObject:
  m_ObjectHideFlags: 0
  m_CorrespondingSourceObject: {fileID: 0}
  m_PrefabInstance: {fileID: 0}
  m_PrefabAsset: {fileID: 0}
  serializedVersion: 6
  m_Component:
  - component: {fileID: 1440673114986289865}
  m_Layer: 0
  m_Name: mixamorig:Neck
  m_TagString: Untagged
  m_Icon: {fileID: 0}
  m_NavMeshLayer: 0
  m_StaticEditorFlags: 0
  m_IsActive: 1
--- !u!4 &1440673114986289865
Transform:
  m_ObjectHideFlags: 0
  m_CorrespondingSourceObject: {fileID: 0}
  m_PrefabInstance: {fileID: 0}
  m_PrefabAsset: {fileID: 0}
  m_GameObject: {fileID: 9112263877368378275}
  m_LocalRotation: {x: -0.00011195381, y: 4.2658382e-14, z: 2.273689e-13, w: 1}
  m_LocalPosition: {x: -0, y: 0.102712095, z: 1.3621308e-10}
  m_LocalScale: {x: 1, y: 1, z: 1}
  m_Children:
  - {fileID: 1762053888984626099}
  m_Father: {fileID: 5514327096737011380}
  m_RootOrder: 1
  m_LocalEulerAnglesHint: {x: 0, y: 0, z: 0}
--- !u!1 &9130118325330034119
GameObject:
  m_ObjectHideFlags: 0
  m_CorrespondingSourceObject: {fileID: 0}
  m_PrefabInstance: {fileID: 0}
  m_PrefabAsset: {fileID: 0}
  serializedVersion: 6
  m_Component:
  - component: {fileID: 5029175637694046789}
  m_Layer: 0
  m_Name: mixamorig:LeftHandIndex4
  m_TagString: Untagged
  m_Icon: {fileID: 0}
  m_NavMeshLayer: 0
  m_StaticEditorFlags: 0
  m_IsActive: 1
--- !u!4 &5029175637694046789
Transform:
  m_ObjectHideFlags: 0
  m_CorrespondingSourceObject: {fileID: 0}
  m_PrefabInstance: {fileID: 0}
  m_PrefabAsset: {fileID: 0}
  m_GameObject: {fileID: 9130118325330034119}
  m_LocalRotation: {x: 0, y: -0, z: -0, w: 1}
  m_LocalPosition: {x: -0.00012299292, y: 0.025813613, z: -0.0000000017141846}
  m_LocalScale: {x: 1, y: 1, z: 1}
  m_Children: []
  m_Father: {fileID: 3426435987886053600}
  m_RootOrder: 0
  m_LocalEulerAnglesHint: {x: 0, y: 0, z: 0}
--- !u!1 &9178148000657576848
GameObject:
  m_ObjectHideFlags: 0
  m_CorrespondingSourceObject: {fileID: 0}
  m_PrefabInstance: {fileID: 0}
  m_PrefabAsset: {fileID: 0}
  serializedVersion: 6
  m_Component:
  - component: {fileID: 3406262069054175266}
  m_Layer: 0
  m_Name: mixamorig:LeftForeArm
  m_TagString: Untagged
  m_Icon: {fileID: 0}
  m_NavMeshLayer: 0
  m_StaticEditorFlags: 0
  m_IsActive: 1
--- !u!4 &3406262069054175266
Transform:
  m_ObjectHideFlags: 0
  m_CorrespondingSourceObject: {fileID: 0}
  m_PrefabInstance: {fileID: 0}
  m_PrefabAsset: {fileID: 0}
  m_GameObject: {fileID: 9178148000657576848}
  m_LocalRotation: {x: 0.0000001636728, y: 0.00006866359, z: 0.00000040794845, w: 1}
  m_LocalPosition: {x: 6.7101793e-12, y: 0.1527904, z: 8.1697635e-11}
  m_LocalScale: {x: 1, y: 1, z: 1}
  m_Children:
  - {fileID: 1418174222229623576}
  m_Father: {fileID: 1859865556066964963}
  m_RootOrder: 0
  m_LocalEulerAnglesHint: {x: 0, y: 0, z: 0}
